2892 4684
336 476 407 532 U.
444 493 495 530 c.
527 478 653 544 706.

336 550 410 602 A·
448 547 514 602 G.
551 547 643 616 46.

685 266 799 350 ιφ
857 269 1275 398 faraman.
1296 243 2138 334 sornam-:monum
2155 269 2592 332 Lmnxxx.

679 497 811 562 pars
850 483 911 538 in
938 476 1194 561 sumptus
1232 475 1500 536 bellorum
1539 496 1798 561 erogata,
1867 475 2142 558 reliquum
2171 477 2247 538 ad
2281 498 2379 538 vos
2413 497 2669 561 reporta.

683 582 800 622 rum
840 560 915 640 est
935 583 952 618 .·.
1010 579 1076 619 ut
1116 559 1190 618 ad
1230 557 1327 618 vo's
1368 563 1544 619 omnis
1585 561 1750 639 hujus
1797 557 2105 640 opulentiae
2125 559 2360 641 fructus
2377 601 2394 634 ,
2461 561 2536 621 ad
2583 577 2668 624 me

668 643 853 726 solum
884 641 1140 723 exigendi
1166 638 1433 700 acerbitas
1468 663 1523 702 et
1557 644 1772 702 invidia
1806 643 2142 720 perveniret.
2223 643 2316 702 Sic
2347 645 2490 702 em‘m
2515 642 2669 704 locu-

672 725 797 808 ples
814 723 977 804 flecta
1008 721 1311 802 respublica
1336 723 1663 802 dignitatem
1693 722 1924 801 vestram
1953 737 2185 802 opesque
2211 721 2484 803 praestare
2515 743 2668 786 tutas

673 806 850 889 potest
868 827 886 862 .·
928 805 1148 885 quando
1184 823 1278 863 nec
1317 809 1603 884 imperium
1629 803 1750 884 fine
1791 802 2076 876 militibus,
2117 823 2285 885 neque
2323 803 2524 866 milites
2544 803 2668 886 Js'ne

664 887 943 969 stipendio
991 889 1324 950 retinentur.
1424 884 1578 966 Abfi't
1625 906 1802 946 tamen
1815 926 1836 957 ,
1893 895 1960 944 ατ·
1997 889 2245 965 cuiquam
2279 885 2527 964 molestus
2555 885 2664 968 sim

570 967 575 974 ’
674 971 931 1054 pecuniae
977 963 1169 1046 cauffa.
1245 987 1410 1046 neque
1464 967 1748 1050 vectigalia
1798 987 1938 1028 nova
1981 968 2331 1042 constituam:
2389 973 2666 1030 veteribus

342 1651 629 1725 Triumphi

304 1722 525 1775 Caesaris
534 1739 655 1792 qua-

298 1801 444 1844 8807·

308 2669 452 2726 Axis
466 2667 525 2722 in
534 2669 651 2727 eur·

294 2757 366 2795 ru
412 2743 613 2793 trium-

293 2809 460 2879 phale·
478 2809 649 2875 fran-

292 2879 466 2950 ‘ituro

360 3691 627 3750 carmina

304 3761 593 3819 licentiosa

305 3833 572 3890 militum.

678 1069 962 1112 contentus
1001 1069 1117 1108 ero,
1165 1045 1486 1128 semperque
1515 1055 1701 1133 potius
1742 1071 1802 1108 eo
1848 1051 2194 1131 cogitationes
2231 1069 2493 1130 curasque
2527 1071 2669 1112 meas

680 1132 957 1212 confi-ram
976 1171 993 1203 ,
1071 1129 1518 1210 quemadmodum
1574 1152 1671 1191 vos
1720 1131 1910 1212 opibus
1955 1127 2351 1210 honoribusque
2406 1150 2624 1214 augeam
2645 1173 2664 1206 ,

680 1233 842 1294 quam
880 1209 1327 1292 quemadmodum
1370 1208 1586 1290 aliquid
1622 1210 1884 1272 abradam
1922 1211 1990 1271 de
2027 1209 2413 1288 praesentibus.
2473 1213 2666 1297 Apud

677 1295 991 1437 {optilam
1024 1289 1265 1354 deinde
1298 1291 1536 1354 similia
1611 1315 1762 1364 uum
1790 1291 2198 1366 differuiffet,
2233 1293 2498 1354 multum
2526 1298 2668 1379 qui-

729 1397 831 1437 em
876 1372 1170 1437 exstinxit
1216 1373 1297 1434 de
1333 1373 1562 1456 priore
1648 1377 1934 1436 ominum
1973 1395 2162 1437 cura:
2221 1371 2518 1436 fiduciam
2557 1398 2669 1437 ex-
2779 1399 2794 1414 ·

677 1459 883 1520 citare
922 1476 1054 1516 non
1142 1455 1342 1527 otuit,
1399 1456 1777 1542 priusquam
1813 1456 2012 1518 rebus
2050 1455 2214 1539 ipsis
2254 1457 2669 1542 comprobata

676 1539 983 1623 promiss'a
1020 1537 1085 1600 vi
1136 1537 1345 1598 ilI'ent.

799 1645 909 1705 XI.
973 1647 1151 1704 Inter
1183 1643 1347 1705 baec
1380 1642 1686 1728 adparatu
1719 1645 1894 1708 facto
1916 1688 1933 1718 ‚
1995 1647 2250 1729 qualem
2293 1645 2666 1728 magnitudo

678 1745 899 1786 rerum
982 1723 1253 1787 estat-um
1293 1744 1627 1797 excusare,
1673 1747 1833 1811 opes
1869 1729 2156 1810 imperii,
2201 1728 2393 1788 unius
2433 1729 2497 1788 in
2534 1750 2666 1788 ma-

674 1827 826 1867 num
863 1745 1163 1870 regactae
1186 1849 1203 1879 ‚
1295 1807 1381 1868 ati
1418 1822 1806 1891 potuerunt3
1867 1823 2144 1893 quatuor
2177 1807 2525 1892 triumphis
2555 1831 2665 1870 ur.

672 1887 823 1949 bem
856 1889 1175 1972 ingl-effus
1212 1909 1247 1950 e
1320 1931 1336 1961 ‚
1383 1890 1615 1951 eodem
1651 1911 1911 1964 mense,
1959 1889 2077 1952 sed
2121 1891 2482 1968 interjectis
2518 1889 2658 1951 die-

670 1965 818 2033 bus.
878 1973 1272 2034 Primum‘et
1306 1972 1906 2036 excellentiss'imum
1945 1972 2082 2054 egit
2115 1973 2196 2034 de
2227 1973 2455 2044 Gallis,
2500 1975 2659 2055 quol-

670 2073 815 2114 rum
852 2055 1080 2114 multas
1118 2071 1510 2136 magnasque
1547 2055 1847 2117 nationes
1889 2055 2272 2138 subegerat,
2332 2054 2514 2131 cujus
2551 2053 2660 2114 ad-

669 2151 933 2219 paratus
968 2135 1157 2195 fuissc
1188 2135 1470 2196 traditur
1504 2156 1584 2197 ex
1623 2135 1812 2197 citro.
1897 2135 2165 2198 Rhenus
2205 2136 2298 2198 ibi
2331 2135 2664 2198 traductus

673 2215 796 2289 est,
843 2214 1363 2300 Rhodanusque,
1410 2227 1477 2276 et
1517 2238 1597 2280 ex
1638 2219 2129 2301 aurotcaptivus
2163 2219 2488 2280 Oceanus.
2558 2220 2664 2277 ln-

672 2317 842 2380 gens
875 2297 1221 2360 multitudo
1266 2298 2032 2384 nobilium‚captivorum
2073 2318 2334 2361 currum
2371 2313 2662 2361 anteces-

675 2381 797 2452 sit,
863 2393 929 2443 et
976 2380 1062 2440 im
1116 2392 1335 2441 erator
1387 2381 1709 2465 quondam
1761 2381 2044 2442 omnium
2087 2381 2659 2464 Vercingentorix.

671 2465 761 2524 Et
798 2462 905 2525 hic
946 2463 1059 2606 qud
1108 2482 1248 2536 em,
1296 2477 1439 2524 acto
1465 2461 1845 2573 'triumphm
1907 2467 2052 2524 cum
2090 2463 2236 2525 aliis
2275 2462 2662 2548 quibusdam

671 2559 940 2608 necatus
972 2567 1009 2606 e
1064 2589 1081 2606 .

792 2650 933 2716 ΧΠ.
991 2649 1121 2713 Sed
1160 2650 1298 2729 ejus
1346 2649 1478 2713 diei
1521 2651 1832 2713 laetitiam
1881 2649 2305 2736 interpolavit
2353 2670 2538 2714 casus
2590 2650 2660 2713 in

675 2753 867 2796 omen
912 2747 1154 2795 tractus
1196 2755 1231 2795 a
1268 2733 1632 2818 plerisque.
1718 2731 2242 2795 Praetervehens
2284 2734 2456 2795 enim
2497 2733 2662 2794 For-

674 2829 869 2880 tunae
909 2815 1164 2890 fanum,
1212 2814 1386 2898 quod
1428 2815 1497 2874 in
1532 2815 1817 2878 Velabro
1849 2815 2160 2890 Lucullus
2195 2812 2660 2876 exaedificave-

676 2911 812 2970 rat,
858 2917 973 2959 axe
1014 2895 1354 2970 distructo,
1397 2917 1568 2980 pene
1605 2917 1800 2958 curru
1837 2897 2128 2958 excuss'us
2161 2895 2291 2958 'este
2361 2909 2462 2969 et,
2508 2897 2663 2957 dum

674 2979 839 3042 alius
882 2979 959 3041 ad
1011 2993 1229 3040 aratur
1270 2993 1464 3063 atque
1507 2977 1888 3053 adducitur,
1954 2978 2225 3040 obortae
2277 2991 2426 3040 sunt
2476 2992 2661 3041 tene·

670 3059 852 3123 brae.
918 3002 1384 3144 adbcenditque
1424 3061 1492 3120 ih
1531 3061 1916 3144 Capitolium
1961 3057 2042 3119 ad
2079 3059 2342 3134 lumina,
2387 3060 2663 3144 quadra-

718 3143 853 3206 iuta
894 3143 1256 3226 elephantis
1306 3142 1531 3204 dextra
1575 3142 1886 3226 laevaque
1927 3140 2321 3221 lychnuchos
2362 3139 2664 3225 gestanti·

719 3248 817 3289 us.
932 3229 1171 3289 Caesar
1234 3223 1511 3307 genibus
1570 3245 1694 3308 per
1753 3223 1992 3319 gradus
2047 3223 2350 3306 Capitolii
2407 3224 2660 3308 rep-„titt

670 3329 1053 3394 quamquam
1092 3321 1160 3370 et
1196 3307 1341 3404 ipse
1373 3306 1499 3388 jam
1533 3305 1726 3368 staret
1761 3321 1934 3368 mter
1973 3305 2334 3390 Capitolina
2375 3306 2658 3380 numina,

670 3411 1065 3475 currumque
1090 3385 1253 3453 Sovi
1290 3389 1662 3473 oppositum
1684 3431 1701 3461 ‚
1746 3401 1811 3449 et
1849 3388 2104 3450 titulum
2144 3386 2417 3450 haberet
2447 3385 2662 3448 homi·

668 3493 757 3536 ne
784 3473 1071 3548 maioris.
1140 3469 1271 3534 Sed
1302 3486 1368 3534 et
1396 3470 1891 3554 inscriptionem
1917 3469 2092 3529 illam
2123 3469 2448 3532 sustuliss'e
2474 3467 2659 3553 paul-

668 3555 736 3617 lo
770 3553 911 3640 post
942 3555 1217 3628 dicitur,
1267 3555 1411 3615 solo
1446 3555 1708 3616 nomine
1743 3551 2003 3613 relicto.

793 3679 963 3741 x111.
1011 3681 1189 3740 Inter
1224 3675 1397 3738 hunc
1435 3675 1753 3738 honorem
1778 3674 2100 3749 Caesaris,
2141 3695 2334 3760 quum
2371 3673 2661 3736 omnium

664 3759 997 3826 hominum
1034 3759 1540 3842 magnitudinem
1582 3759 1868 3841 egress'us
1908 3758 2198 3848 potentia
2235 3777 2307 3818 ac
2341 3756 2664 3818 felicitate

666 3846 1042 3920 videretur,
1098 3843 1397 3903 adnotata
1436 3855 1585 3906 sunt
1625 3837 1906 3903 carmina
1946 3839 2138 3924 plena
2179 3837 2443 3927 probri,
2490 3857 2664 3923 quae

724 4031 883 4108 Cap.
917 4031 1019 4088 ΧῙ.
1068 4013 1244 4088 Oros.
1276 4031 1329 4098 6,
1356 4023 1725 4086 16.'Sueton.
1763 4029 1933 4116 QaeS.
1973 4030 2135 4114 (337.
2179 4025 2433 4102 Appiam
2473 4023 2663 4083 civil.

663 4103 708 4159 1.
746 4124 797 4162 α.
854 4101 1012 4158 Plut.
1055 4101 1227 4158 Caes.
1281 4098 1436 4157 Vell.
1475 4119 1542 4166 2,
1587 4101 1677 4154 5⁶.
1731 4099 1860 4158 lav.
1892 4101 2052 4175 Eplt.
2103 4094 2270 4154 mor.
2337 4100 2485 4169 Gap.
2519 4095 2662 4152 ΧΠ.

664 4173 825 4236 Veu.
856 4173 999 4267 Dio.
1032 4171 1281 4232 Sueton-
1314 4179 1377 4231 et
1403 4169 1546 4230 Dio.
1579 4166 1720 4228 Dio.
