2892 4684
642 259 771 336 304
820 259 1227 326 ramusfl.
1258 243 2104 324 surrnmnuronum
2122 215 2639 320 Lianxxxm.

304 481 373 536 U.
402 495 455 532 c.
480 493 608 547 70⁹·
654 470 1022 554 complures
1068 465 1403 539 civitatee,
1469 485 1634 550 quae
1679 457 2024 548 superiore
2067 487 2236 529 anno
2277 466 2648 550 largitioni-

304 549 468 604 Δ-Ο·
500 547 591 615 43·
650 555 771 618 bus
824 549 1477 631 concessionibusque
1534 547 2039 631 privilegiorum
2086 563 2272 611 erant
2321 549 2647 632 obligatae

650 634 981 704 Antonio,
1044 655 1077 692 a
1126 631 1421 714 partibus
1470 629 1610 708 ejus
1659 628 2132 704 alienarentur,
2204 644 2272 693 et
2315 635 2648 696 exercitus

586 726 593 732 '
650 717 844 789 fieret
874 718 1163 800 segnior.
1248 711 1458 794 Igitur
1479 711 1824 782 Antonius,
1863 711 1942 771 ad
1967 716 2484 798 corrumpendos
2503 720 2648 778 Mu-

649 802 979 870 tinenses,
1027 813 1291 858 suorum
1329 793 1414 855 ali
1465 812 1584 854 uos
1621 792 1692 852 in
1729 813 1770 853 o
1820 792 2044 874 pidum
2077 796 2274 862 misit.
2359 798 2446 859 At
2477 801 2649 858 Bru.

648 895 757 942 tus
800 880 949 941 hoc·
976 878 1307 948 sentiens,
1366 875 1451 935 do
1481 895 1587 934 um
1633 874 1758 936 bau
1849 873 2285 958 inelegantem
2323 879 2650 940 machina·

648 976 788 1034 tus,
852 959 1239 1022 convoca-vit
1286 971 1512 1018 omnes
1553 955 1868 1039 cujusque
1913 958 2092 1022 modi
2133 957 2466 1034 homines,
2579 963 2650 1024 ui

650 1057 791 1105 tum
826 1043 1111 1104 Mutinae
1149 1039 1510 1122 degebant:
1579 1039 1938 1138 paucisque
1985 1039 2210 1103 verbis
2257 1041 2480 1116 factis,
2577 1065 2650 1106 e-

651 1120 1025 1187 monstravit
1060 1123 1309 1194 locum,
1372 1121 1440 1180 in
1485 1140 1676 1204 quem
1717 1122 1995 1198 militen
2057 1121 2248 1184 simul
2287 1125 2514 1199 alium,
2555 1129 2654 1189 in

701 1227 849 1268 uem
897 1205 1107 1268 ceteri
1149 1202 1590 1268 discederent.
1672 1208 1768 1268 Ita
1793 1202 2062 1270 relictos
2091 1203 2161 1264 in
2185 1205 2406 1271 medio
2433 1206 2652 1274 hostes

686 1289 849 1354 acile
892 1283 1413 1372 comprehendit.
1591 1295 1599 1300 “

778 1437 1015 1497 XXIX.
1058 1433 1181 1509 At,
1224 1433 1339 1496 ubi
1376 1434 1895 1500 circumvallatus
1932 1435 2161 1522 urgeri
2194 1435 2367 1500 fame
2405 1459 2525 1502 coe
2575 1441 2650 1517 it,

310 1509 565 1575 Canwlss
579 1520 631 1566 θ’
661 1522 901 1588 Caesar
937 1519 1001 1580 ei
1034 1531 1333 1578 metuens
1363 1518 1652 1580 Hirtium
1694 1519 1950 1602 impulit
1971 1562 1988 1593 ‚
2032 1536 2103 1584 ut
2138 1521 2218 1582 ad
2251 1463 2652 1586 liberandam

274 1587 631 1705 ξεκζῖη·
660 1600 1009 1665 obsidione
1050 1599 1364 1662 Mutinam
1416 1621 1542 1660 una
1591 1599 2194 1684 proficiscerentur.
2292 1608 2363 1664 ln
2408 1605 2654 1670 itinere

276 1719 481 1776 Bnm.
554 1725 561 1737 ·
656 1682 1021 1748 Bononiam
1064 1696 1506 1765 occuparunt3
1570 1703 1765 1767 quae,
1825 1685 1957 1745 anti
2009 1685 2180 1747 uitus
2230 1687 2302 1746 in
2349 1685 2655 1751 clientela

657 1766 1093 1830 Antoniorum
1124 1761 1484 1839 constituta,
1531 1787 1724 1848 quum
1759 1706 2158 1848 praesidium
2192 1787 2324 1828 non
2357 1768 2656 1846 haberet,

662 1850 805 1912 sine
846 1845 1197 1910 certamine
1232 1845 1492 1930 aperuit
1527 1861 1775 1930 portas.
1857 1853 2127 1930 Neque,
2186 1865 2447 1932 praeter
2472 1848 2656 1914 Rhe-

660 1924 839 2015 'gium
875 1930 1112 2015 Lepidi
1152 1942 1218 1990 et
1244 1933 1573 2003 Parmam,
1621 1931 1823 1990 ullum
1865 1927 2178 2011 oppidum
2211 1933 2501 1995 Antonio
2543 1929 2655 1995 su:-

660 2027 943 2098 pererat.
1033 2011 1165 2073 Sed
1222 2023 1359 2072 erat
1403 2012 1462 2072 is
1509 2009 2102 2094 equitatu'firmusz
2163 2034 2354 2110 quem
2395 2015 2652 2078 obviam

660 2094 1078 2157 venientibus
1119 2115 1152 2154 a
1173 2093 1471 2154 Bononia
1505 2091 1704 2157 misit.
1787 2092 2066 2156 Fiebant
2101 2096 2305 2178 igitur
2336 2094 2656 2180 equestria

662 2177 891 2239 crebra
945 2176 1238 2258 proelia,
1308 2175 1424 2236 sed
1483 2175 1908 2238 vincebantur
1965 2174 2362 2251 Antoniani,
2434 2200 2658 2263 quam-

663 2279 851 2342 quam
894 2259 1270 2342 superiores
1313 2277 1621 2320 numero:
1669 2261 1818 2342 quia
1854 2259 2258 2322 torrentibus
2288 2261 2658 2348 interrupta

662 2340 971 2424 planities
1010 2337 1441 2402 multitudinis
1479 2361 1665 2402 usum
1699 2339 2061 2403 auferebat.

379 2549 393 2564 ‚
534 2543 541 2556 ,
782 2467 988 2550 ΧῘὶΧ.
1047 2491 1145 2550 Ne
1185 2501 1395 2548 tamen
1427 2489 1741 2551 Mutinam
1783 2493 2014 2555 venire
2050 2492 2341 2554 victores
2377 2491 2655 2575 poss'ent,

322 2547 542 2602 L“‘“’
565 2546 638 2630 “3¹
666 2573 1013 2635 Scultenna
1058 2567 1262 2630 ssuvio
1307 2584 1373 2632 et
1413 2572 1766 2654 praesidiis
1811 2573 1891 2635 ad
1932 2570 2078 2634 eut‘n
2117 2575 2389 2637 Antonii
2428 2574 2658 2655 prohi-

284 2633 637 2738 azagi?-
663 2654 1000 2716 bebantur.
1088 2653 1329 2734 Igitur,
1378 2668 1485 2724 ut,
1532 2653 1766 2735 quibus
1805 2657 2057 2736 poss'ent
2085 2656 2336 2732 modis,
2384 2659 2661 2717 Brutum

281 2756 560 2806 „umba
662 2735 1034 2822 praes'entia
1076 2733 1307 2794 horum
1348 2735 1609 2816 cognita
1651 2737 2153 2810 confirmarent,
2218 2739 2296 2800 ab
2340 2737 2658 2800 altissimis

281 2824 536 2878 mictum.
662 2816 1010 2880 arboribus
1054 2814 1282 2877 eflerri
1336 2816 1516 2877 faces
1563 2817 1874 2883 adcensas
1923 2820 2256 2902 juss'erunt.
2356 2818 2654 2891 Deinde,

664 2919 859 2986 quum
907 2896 974 2958 id
1014 2917 1239 2973 parum
1282 2899 1800 2980 intelligeretur,
1864 2918 2123 2965 tenuem
2173 2902 2422 2985 plumbi
2475 2902 2660 2962 lami-

664 3001 807 3043 nam
854 2979 1067 3044 literis
1110 2979 1452 3065 insculptis
1493 2985 2004 3055 comanorum,
2067 3003 2230 3068 quae
2272 3001 2395 3066 per
2439 2985 2663 3044 urina-

662 3080 875 3128 torcm
932 3061 1233 3144 adligata·
1262 3061 1534 3125 brachio
1583 3067 1702 3126 sub
1751 3081 1918 3150 aqua·
1959 3066 2356 3127 deferretur.
2441 3065 2662 3148 Quum

663 3146 791 3208 hoc
825 3143 1018 3208 modo
1053 3164 1246 3228 saepe
1278 3145 1732 3208 commeaffent
1757 3149 2012 3220 literae,
2045 3163 2236 3230 atque
2262 3160 2444 3228 parte
2471 3147 2662 3208 Scul-

664 3243 939 3298 tennae‚
1006 3245 1168 3310 quac
1221 3247 1393 3288 nunc
1443 3247 1702 3312 quoque
1745 3231 2056 3292 Mutinam
2111 3231 2346 3302 intrat,
2413 3229 2650 3308 salem,

665 3331 796 3393 quo
821 3307 1091 3368 maxime
1116 3309 1495 3392 indigebant
1518 3309 1778 3392 obseffi,
1825 3313 2057 3396 cuppis
2085 3311 2427 3383 inclusum,
2465 3311 2657 3373 item·

716 3411 794 3452 ue
833 3410 1068 3473 pecora
1108 3391 1640 3468 intromisiss'ent3
1701 3394 2028 3466 sentiens,
2134 3393 2263 3454 uod
2308 3393 2655 3476 agebatur,

662 3413 986 3534 Rntonius
1018 3473 1186 3534 retia
1215 3494 1338 3556 per
1365 3495 1611 3536 amnem
1644 3474 1939 3547 tetendit,
1986 3413 2221 3558 quibus
2253 3475 2465 3536 omnia
2492 3474 2660 3537 haee

665 3555 1147 3638 exciperentur.
1246 3559 1410 3616 Tum
1461 3555 1538 3615 ad
1585 3557 1768 3616 aliam
1815 3555 2096 3618 astutiam
2139 3559 2523 3630 transitum,
2587 3571 2659 3622 et
2749 3605 2757 3615 ,

664 3637 1001 3699 columbae
1043 3655 1189 3697 cum
1231 3636 1518 3719 epistolis
1561 3639 1731 3700 ultro
1767 3639 2065 3722 citroque
2100 3641 2340 3702 miss'ae.
2426 3641 2659 3702 Prius-

2379 3743 2569 3808 quam

658 3839 1339 3872 ——-—--*——-·-···········

588 3967 596 3974 ·
732 3949 879 4020 Cap.
912 3947 1064 4001 x1x.
1100 3943 1353 4018 Appian.
1394 3945 1531 4000 Dio.
1573 3943 1818 3998 sueton.
1859 3943 2006 4015 Aug.
2040 3957 2120 4008 ¹7·
2154 3937 2297 4023 pio.
2337 3933 2461 3996 Cic.
2500 3935 2658 3996 Phil.

666 4034 755 4082 ιο,
772 4022 827 4072 5.
862 4029 919 4072 et
950 4017 1024 4071 ad
1044 4020 1203 4070 Fam.
1232 4035 1309 4084 m,
1330 4018 1384 4073 ὅ.
1428 4016 1556 4070 Cic.
1583 4013 1656 4066 ad
1679 4016 1841 4068 Fam.
1872 4029 1950 4079 ιο,
1977 4015 2058 4069 ιό.
2095 4013 2234 4068 Dio.
2308 4013 2451 4084 Cap.
2473 4013 2654 4066 XXX.

660 4085 713 4142 A
762 4086 923 4156 pian.
972 4087 1108 4141 Dio.
1167 4085 1317 4140 Plin.
1348 4089 1402 4153 3,
1442 4087 1524 4140 ¹6.
1579 4083 1715 4138 Dio.
1770 4084 2040 4137 Frontin.
2075 4079 2256 4134 Strat.
2289 4081 2344 4146 3,
2385 4084 2468 4138 13.
2509 4081 2654 4138 Dio.

666 4103 907 4212 Clitver.
944 4153 1073 4214 Ital.
1108 4154 1312 4231 Antiq.
1350 4155 1391 4212 l.
1418 4175 1466 4210 ι.
1499 4172 1551 4208 c.
1573 4155 1663 4212 36.
1701 4148 1973 4211 antin.
2011 4149 2268 4220 strat-3,
2293 4154 2372 4222 14.
2459 4235 2467 4244 .
2607 4196 2614 4206 .
