2892 4684
692 295 813 340 222
870 279 1267 360 FREmsfl.
1306 279 2136 348 SUPPLEMENTORUM
2164 281 2634 350 L1a.Lxxx1.

313 474 325 486 ’
360 496 431 552 (J.
458 510 654 566 ⁶·'707-
698 445 939 552 deinde
978 485 1293 550 Maximus
1340 485 1558 570 lignea
1581 505 1606 566 3
1662 485 1838 549 thecas
1881 485 1984 568 effe
2031 462 2360 572 oppidorum
2404 490 2698 575 Caesaris,

363 568 437 621 Δ·
462 565 639 632 &45-
694 571 1045 654 jactitatum
1089 565 1197 629 est·

393 701 625 772 §enam
818 679 928 738 111.
976 673 1110 738 Sed
1146 669 1371 734 mirari
1412 692 1548 734 non
1585 688 1873 758 oportet,
1915 676 2259 740 Caesarem
2291 673 2458 740 hanc
2489 675 2702 740 osten-

348 772 622 826 uastatur
696 745 855 822 tasse
894 756 1273 827 victoriam,
1382 775 1530 816 uum
1574 757 1771 819 tantis
1817 772 2084 842 excepta
2119 757 2364 822 Romae
2455 759 2699 824 ublieis

354 841 603 897 caesari.
696 837 1236 925 gratulationibus
1269 775 1460 912 efflet,
1501 852 1631 901 tam
1668 838 2107 922 singularibus
2141 841 2396 902 eohone
2451 856 2548 903 ata
2581 843 2701 906 de-

698 925 925 985 cretis.
1009 921 1177 982 Sane
1212 931 1459 982 tantum
1497 920 1598 982 illi
1631 920 2070 984 verecundiae
2109 923 2562 1006 superfuerat,
2625 940 2701 990 ut

646 1063 665 1074 ,
696 1026 914 1088 neque
944 1003 1218 1064 nuncios
1248 1021 1331 1063 ex
1356 1002 1704 1086 Hispania,
1749 1022 1964 1086 neque
1993 1006 2219 1066 literas
2251 1005 2512 1089 publice
2540 1007 2694 1068 mit-

697 1100 891 1150 teret.
976 1087 1062 1146 At
1100 1085 1369 1156 Patres,
1412 1085 1720 1167 plerique
1763 1082 2064 1148 adulandi
2109 1085 2352 1158 studio,
2395 1089 2694 1166 nonnulli

696 1189 827 1254 quo
882 1166 1127 1246 majore
1178 1177 1516 1228 oneratum
1569 1165 1814 1229 invidia
1871 1169 2165 1231 velocius
2215 1184 2282 1230 et
2325 1170 2692 1238 excusatius

692 1249 1090 1335 perderent,
1136 1247 1424 1309 honores
1454 1247 1634 1308 nullo
1663 1270 1789 1311 nec
1816 1249 1998 1330 jure,
2046 1271 2170 1313 nec
2201 1252 2502 1334 exemplo
2533 1271 2693 1313 con-

691 1335 1030 1416 gerebant.
1116 1333 1207 1392 Et
1252 1328 1490 1392 Cicero
1547 1329 1850 1412 quidem,
1905 1346 2212 1415 quantum
2259 1353 2506 1394 summo
2551 1334 2691 1395 cui-

693 1435 823 1498 que
851 1412 1183 1476 hominum
1214 1409 1417 1472 tribui
1451 1409 1678 1494 potest,
1722 1413 2041 1476 sententia
2074 1436 2187 1475 sua
2217 1412 2509 1476 ded-erat.
2558 1415 2692 1478 Sed

628 1491 665 1514 ‘
694 1498 809 1558 alii
843 1499 939 1558 sic
968 1493 1401 1564 adauxerunt,
1449 1508 1522 1554 ut
1553 1494 1790 1555 Cicero
1823 1497 2294 1638 propemodum
2329 1497 2688 1560 malevolus

692 1578 883 1642 fuisse
926 1577 1286 1639 videretur.
1369 1578 1461 1636 lta
1501 1576 1894 1658 supplicatio
1987 1578 2196 1638 ierum
2229 1579 2720 1662 quinquaginta-

694 1658 997 1722 decreta:
1060 1671 1259 1740 utque
1298 1657 1617 1718 Palilibus
1658 1657 1797 1718 ludi
1833 1657 2224 1732 ederentur,
2269 1679 2402 1720 non
2435 1659 2573 1739 jam
2603 1661 2688 1722 ob

688 1743 971 1804 natalem
999 1740 1207 1811 urbis,
1256 1738 1377 1800 sed
1416 1740 1568 1821 quia
1605 1738 1820 1822 pridie
1857 1738 1996 1819 ejus
2029 1738 2166 1801 diei
2198 1741 2497 1802 nunciata
2529 1744 2691 1804 Cae-

694 1825 861 1885 saris
892 1823 1052 1884 haec
1078 1821 1357 1884 victoria
1388 1819 1628 1882 fuiffet.
1674 1821 2208 1902 quemadmodum
2243 1821 2471 1882 eodem
2505 1843 2689 1884 men-

694 1923 768 1968 se
822 1919 967 1992 ante
1016 1903 1189 1965 diem
1244 1914 1496 1964 sextum
1535 1901 1682 1962 Idus
1715 1904 1977 1984 Apriles
2025 1904 2161 1964 ludi
2211 1903 2294 1964 ob
2344 1905 2685 1967 victoriam

690 1987 1067 2049 Africanam
1121 1981 1386 2046 fiebant.
1487 1983 1621 2044 Sed
1675 1997 1741 2044 et
1787 1999 2042 2047 ceteras
2093 1985 2491 2080 insigniores
2539 1986 2681 2066 ejus

690 2069 1005 2132 victorias
1046 2065 1323 2150 singulis
1362 2063 1536 2126 ludis
1569 2067 1902 2160 placuerat
1937 2067 2280 2130 celebrari.
2377 2067 2686 2128 Ceterum

688 2149 853 2212 haec
905 2162 1046 2213 erat
1090 2148 1309 2231 potius
1360 2145 1742 2209 calamitatis
1777 2149 2248 2232 vulnerumque
2279 2147 2684 2232 reipublicae

688 2231 889 2294 tristis
933 2229 1377 2315 exprobratio.
1461 2229 1707 2298 Levius
1751 2229 2052 2294 insaniss'e
2095 2230 2511 2304 viderentur,
2571 2231 2685 2314 qui

693 2315 1091 2378 Clementiae
1130 2311 1440 2394 templum
1467 2309 1840 2394 ponendum
1873 2325 2299 2389 censuerant3
2344 2313 2474 2374 nisi
2507 2333 2684 2374 com-

690 2417 887 2458 mune
927 2395 1057 2480 ipsi
1092 2407 1283 2478 atque
1314 2392 1712 2455 Clementiae
1749 2397 1877 2456 ess'e
1909 2395 2275 2469 voluiss'ent,
2321 2393 2685 2456 simulacris

692 2479 1039 2563 utriusque
1078 2476 1344 2537 dextras
1373 2473 1778 2558 iungentium
1817 2476 2155 2538 dedicatis.
2187 2473 2216 2542 .’

357 2599 655 2656 cumana
816 2587 929 2650 IV.
975 2586 1179 2654 Sane,
1240 2581 1401 2665 quid
1438 2581 1730 2644 facturus
1764 2581 1968 2644 fuerit
1998 2584 2267 2658 Caesar,
2325 2583 2384 2644 si
2427 2581 2682 2644 vixiss'et

318 2671 599 2730 Caesaris.
694 2665 966 2739 diutius,
1012 2687 1142 2725 non
1172 2665 1399 2746 liquet.
1465 2663 1634 2725 Illud
1673 2666 1740 2726 in
1781 2666 2068 2728 confess'o
2109 2663 2220 2736 est,
2266 2665 2474 2762 quoad
2501 2665 2685 2740 vixit,

691 2749 918 2810 mitem
948 2748 1421 2830 humanumque
1459 2761 1525 2809 et
1557 2747 1940 2830 placabilem
1973 2748 2364 2809 adversariis
2400 2768 2472 2809 se
2494 2766 2687 2830 prae-

690 2831 923 2893 huiss'e.
1006 2827 1141 2892 Sed
1180 2841 1245 2890 et
1288 2827 1411 2889 sub
1455 2843 1814 2891 extremum
1854 2843 2108 2914 tempus
2134 2872 2153 2905 ,
2215 2830 2408 2892 etiam
2445 2826 2684 2912 quibus

690 2912 1075 2974 nominatim
1119 2908 1400 2972 reditum
1448 2931 1582 2973 non
1619 2913 2056 2984 concess'erat,
2119 2913 2369 2974 reverti
2416 2929 2683 2985 omnes,

688 2993 1114 3078 honoresque
1154 3006 1221 3054 et
1252 2994 1530 3077 imperia
1563 3012 1799 3079 capere
1829 2995 2040 3080 passus
2073 2991 2183 3056 est.
2243 2997 2512 3054 Brutum
2537 2994 2686 3075 qui·

594 3153 601 3160 .
689 3075 843 3137 dem
893 3091 959 3138 et
1001 3076 1275 3138 Caffium
1322 3089 1668 3160 praetores
1721 3091 1856 3139 tum
1904 3077 2193 3138 fecerat:
2262 3075 2419 3136 aliis·
2461 3074 2685 3136 multis

466 3221 471 3233 ,
690 3159 858 3220 alios
889 3156 1287 3241 magistratus
1316 3157 1746 3222 concess'erat:
1793 3156 2229 3236 conjecturam
2263 3155 2415 3219 inde
2437 3153 2688 3220 facien-

689 3253 759 3303 te
798 3242 1041 3325 populo
1064 3283 1082 3314 ‚
1125 3239 1298 3312 fore,
1343 3253 1413 3301 ut
1452 3243 1750 3325 exemplo
1787 3241 2003 3302 Sullae
2035 3260 2176 3301 rem
2225 3237 2500 3302 ublicam
2533 3237 2687 3300 red·

690 3321 902 3384 deret.
946 3321 1161 3408 postea
1198 3335 1265 3384 et
1291 3323 1368 3383 1..
1402 3323 1656 3396 Sullae,
1707 3327 1823 3386 Cn.
1851 3320 2152 3405 Pompeii
2180 3263 2438 3394 limnas,
2484 3343 2520 3384 a
2544 3321 2689 3405 ple·

686 3405 773 3467 be
822 3404 1166 3486 disjectas,
1227 3424 1351 3488 per
1390 3405 1744 3471 Antonium
1785 3404 2100 3487 collegam
2147 3405 2468 3488 reposuit.
2553 3421 2685 3486 quo

688 3499 991 3572 tempore
1035 3487 1260 3552 dixiffe
1299 3487 1538 3550 Cicero
1578 3487 1828 3558 fertur,
1880 3487 2160 3566 Caesarem
2199 3489 2444 3567 l‘ompaeyi
2468 3487 2686 3562 statuas

688 3572 949 3652 erigendo
970 3571 1224 3648 stabilire
1250 3568 1400 3650 suas.
1464 3568 1545 3630 (le
1579 3567 1900 3652 Pompeio
1937 3587 2197 3652 semper
2241 3563 2686 3631 honori-ficen-

674 3650 947 3718 .tissime
1000 3651 1411 3736 loquebatur.
1509 3651 1865 3714 Praeterea
1917 3647 2227 3714 cohortes
2273 3649 2682 3736 praetorias,

758 3845 909 3916 Cap.
930 3845 1009 3899 11.
1098 3808 1325 3896 uinctil.
1352 3839 1411 3907 6,
1444 3840 1501 3898 3.
1581 3837 1728 3913 Cap.
1749 3837 1859 3894 111.
1894 3839 2047 3896 Plut.
2081 3841 2222 3904 Dio,
2254 3837 2298 3896 l.
2317 3839 2406 3906 44.
2440 3847 2500 3894 et
2521 3835 2682 3896 Plut.

687 3916 826 3979 Dio,
862 3915 905 3969 1.
934 3913 1023 3978 43.
1126 3907 1244 3965 vid.
1274 3911 1420 3965 Fast.
1453 3914 1508 3977 4,
1536 3909 1670 3966 806.
1720 3909 1859 3965 Dio.
1915 3908 2090 3966 ovid.
2125 3909 2271 3964 Fast.
2307 3909 2514 3990 ‘'⁸⁹3⁷7·
2563 3909 2687 3978 A’p.

625 3988 855 4106 .‘¹’³³²¹·
876 3980 1069 4108 0⁰33·
1090 3978 2073 4107 ²23.¹³1³=‘1':.t¹.¹'¹¹‹¹2²122.⁰23’13'2ffi'⁶⁰23·
2093 3979 2198 4103 lv·
2234 3979 2508 4102 ἐξίῗῖἶέι
2537 3975 2692 4103 {¹:33

692 4065 877 4180 gtssat.
902 4118 957 4173 ’1.
986 4119 1043 4174 8.
1080 4071 1438 4176 ⁷Suetonius.
1491 4119 1648 4173 Plut.
1681 4117 1854 4178 Caes.
1893 4089 1956 4177 e}
1982 4116 2058 4174 de
2087 4067 2376 4196 suffiend-
2408 4133 2478 4174 οι
2508 4065 2685 4180 {nim-

690 4191 829 4250 ntil.
865 4200 927 4248 et
954 4188 1257 4268 Apophth.
1293 4189 1466 4253 Rom·
1497 4186 1562 4246 in
1583 4188 1716 4250 cic.
2139 4205 2152 4222 ·
2453 4223 2458 4228 -
2569 4189 2578 4216 ²
