2892 4684
609 247 700 317 m
735 247 1042 318 nocuit
1083 217 1250 313 Lm.
1297 245 1501 312 oxu:
1536 246 1771 316 mvn.
2104 267 2215 312 m

163 537 170 542 Α
219 473 376 526 erat
421 458 592 520 enim
630 460 1030 544 profeffione
1070 453 1334 529 rhetor,
1389 477 1650 520 neutrum
1690 452 1969 539 confilium
1995 457 2221 540 filubre
2280 459 2351 530 U.
2386 479 2440 518 c.
2467 465 2593 532 7⁰4·

227 541 334 621 effi
356 583 375 615 ‚
425 541 740 604 differuit:
783 542 964 602 altera
988 540 1266 622 sementia
1295 538 1569 600 dominum
1590 543 1880 622 Aegyp104
1928 561 1983 602 et
2018 539 2223 602 bellum
2278 531 2349 590 A·
2386 533 2454 590 C·
2492 541 2525 600 lt

231 645 362 686 cum
401 625 618 704 Caesare
655 628 856 705 recipi.-
917 623 1101 683 alma
1143 617 1354 697 offendi
1385 621 1705 702 Pompe-jum
1722 663 1739 695 ‚
1793 643 1889 684 nec
1918 625 2057 683 iniri
2080 641 2219 704 gra-

233 709 374 766 tiam
409 705 470 764 ab
513 706 762 788 Caefhre.
837 703 978 766 nihil
1023 698 1217 760 melius
1235 717 1278 770 ‚·
1311 720 1469 778 quam
1514 713 1689 762 mo'rte
1725 706 1838 763 viri
1860 703 2223 787 formidinem

237 785 310 848 ab
339 786 448 869 ipr
477 786 674 850 tollere
691 829 710 861 ‚
755 783 929 868 fivmd
961 804 1034 844 ue
1061 782 1334 842 demereri
1361 802 1512 857 eum,
1556 789 1652 864 qui
1690 805 1881 847 rerum
1911 792 2214 869 potiretur.

235 867 546 948 Adjeciss'e
587 883 654 932 et
688 807 1051 953 proverbio
1087 861 1384 944 jactatam
1417 884 1645 927 vocem
1679 866 1939 944 dicitur,
1977 888 2222 930 mortuos

233 973 334 1013 mm
369 953 641 1014 mordere.

339 1059 489 1124 XV.
546 1057 732 1119 Haec
770 1054 885 1116 ubi
931 1055 1243 1137 placuere
1290 1047 1632 1120 omnibus,
1686 1051 1974 1115 Achillae
2015 1074 2221 1140 nego·
2260 1063 2595 1124 Ackfttana

220 1140 388 1202 tium
417 1138 847 1222 permittitur,
889 1133 1142 1195 homini
1184 1130 1535 1218 singularis
1568 1128 1893 1210 audaciae.
1936 1148 2123 1218 atque
2161 1137 2218 1199 is
2243 1137 2567 1203 interficien-

184 1242 372 1286 ‚cum
411 1219 682 1303 parvula
717 1215 1019 1277 navicula
1055 1213 1135 1276 ad
1164 1217 1328 1276 Pom
1379 1211 1551 1293 ejum
1586 1211 1843 1274 accedit
1856 1232 1876 1288 3
1920 1213 2071 1275 litus
2112 1237 2217 1278 ex·
2244 1203 2373 1258 δ’*
2407 1223 2527 1259 ”⁰¹⁸

219 1323 498 1374 casana,
545 1297 726 1382 quod
761 1295 1068 1359 vadosum
1109 1310 1174 1360 et
1205 1293 1322 1358 infi
1371 1316 1478 1357 um
1518 1293 1762 1374 majora
1796 1293 2053 1377 navigia
2092 1317 2223 1360 non
2247 1274 2517 1331 ''imm'‘

217 1395 588 1470 pateretur.
673 1379 941 1440 Minime
978 1379 1273 1464 placebat
1313 1399 1388 1440 ea
1427 1398 1539 1440 res
1580 1377 1843 1450 amicis,
1899 1377 2013 1460 qui
2039 1379 2225 1461 prius

221 1456 740 1546 exspectass'ent‚
804 1475 874 1522 ut
917 1462 1060 1544 ipse
1105 1482 1224 1524 rex
1263 1481 1410 1523 cum
1458 1457 1687 1524 illustri
1724 1459 2037 1522 comitatu
2069 1480 2229 1544 pro-

225 1545 507 1609 cederet
543 1543 830 1605 obviam:
891 1557 958 1605 et
996 1544 1141 1627 ipse
1176 1540 1527 1626 Pompeius
1570 1538 1987 1626 praesagium
2026 1542 2226 1605 animi

229 1625 604 1722 Sophocleo
643 1625 929 1688 carmine.
965 1625 1312 1698 fatebatur,
1357 1623 1536 1708 quod
1572 1645 1641 1684 ex
1670 1625 2075 1700 libe›·2sjervos
2090 1624 2224 1700 fieri

230 1707 430 1782 dicit,
473 1726 1124 1788 quotquot-marineium
1151 1708 1410 1766 adierint.
1425 1707 1629 1767 domos.
1696 1707 1856 1769 Cum
1884 1704 2011 1768 hoc
2036 1705 2219 1770 dicto

232 1789 572 1852 descendit
611 1792 676 1850 in
709 1789 1068 1854 naviculam
1089 1829 1108 1860 ,
1153 1807 1300 1849 cum
1330 1787 1583 1848 duobus
1616 1801 1857 1849 tantum
1891 1789 2223 1852 centurio-

226 1872 458 1945 nibus,
514 1870 1036 1954 libertorumque
1077 1883 1145 1932 et
1183 1888 1525 1932 servorum
1564 1869 1875 1952 singulis,
1920 1871 2033 1938 ubi
2063 1890 2225 1934 con-

230 1968 458 2050 specto
489 1955 564 2014 L.
597 1953 956 2036 Septimio,
1003 1953 1119 2037 qui
1155 1952 1332 2014 bello
1362 1950 1763 2094 praedonum
1802 1951 1972 2035 apud
2008 1973 2078 2016 se
2112 1973 2225 2014 or-

225 2035 450 2098 dinem
480 2035 774 2107 duxerat,
819 2033 1060 2096 deinde
1097 2053 1240 2095 cum
1269 2035 1366 2096 Ga
1415 2033 1551 2095 inio
1578 2033 1917 2117 profectus
1944 2036 2224 2097 Alexan-

226 2117 472 2186 driam,
520 2116 853 2178 tribunum
883 2117 1159 2180 militum
1193 2113 1459 2198 agebat3
1512 2113 1588 2174 Te
1616 2117 1832 2195 quidem
1858 2115 2071 2190 hercle,
2118 2117 2221 2178 in..

225 2201 407 2282 quit,
451 2202 616 2272 novi,
660 2198 970 2268 commilito.
1057 2198 1273 2284 Atque
1315 2196 1411 2272 is,
1458 2197 1637 2262 nullo
1678 2218 2003 2282 responso
2040 2199 2216 2278 dato,
2296 2242 2301 2248 ·

227 2282 444 2366 capite
477 2293 723 2342 tantum
753 2281 998 2344 annuit.
2102 2317 2123 2352 2

348 2389 522 2453 xvl.
584 2393 761 2450 Inter
802 2387 964 2450 haee
1009 2387 1565 2474 adpropinquabat
1605 2387 1824 2461 litori,
1886 2399 1955 2451 et
2002 2403 2216 2452 motus
2262 2395 2549 2467 Pompefus

225 2469 298 2530 in
334 2483 510 2543 terra
549 2471 900 2544 exercitus,
947 2485 1426 2554 conspectaque
1462 2472 1529 2530 in
1562 2470 1818 2553 agmine
1848 2472 2031 2554 regis
2060 2493 2216 2556 pur·
2245 2467 2531 2552 θθθίῑξὶῑνν·

223 2572 428 2636 pura,
483 2573 664 2636 spem
700 2553 1047 2616 Corneliae
1087 2552 1463 2636 ceterisque
1504 2551 1731 2627 dabat,
1790 2553 2077 2636 benigne
2109 2575 2220 2617 re·

227 2647 492 2716 ceptum
524 2635 644 2696 iri:
746 2655 894 2695 uum
929 2635 1386 2732 adsurgentem
1409 2657 1444 2696 a
1468 2637 1541 2695 L.
1568 2636 1887 2719 Septimio
1916 2637 2218 2721 primum,

229 2711 474 2776 deinde
510 2717 588 2778 ab
621 2715 714 2777 Ac
762 2715 872 2777 illa
900 2732 1155 2800 percuti
1185 2717 1428 2778 vident.
1492 2717 1565 2777 ld
1602 2719 2060 2800 spectaculurm
2090 2723 2224 2780 tam

227 2797 689 2879 necopinatum
727 2811 794 2859 et
823 2812 1040 2872 atrox,
1085 2813 1328 2860 tantum
1365 2799 1674 2862 excitavit
1708 2799 1776 2862 in
1811 2801 2085 2862 navibus
2122 2801 2224 2860 lu-

229 2889 442 2952 ctum,
510 2892 580 2940 ut
635 2879 914 2961 gemitus
969 2875 1162 2942 fletus
1211 2901 1294 2942 ue
1348 2880 1422 2941 in
1477 2881 1676 2944 litore
1733 2881 2219 2945 exaudirentur.
2323 2951 2332 2956 ,

224 2961 371 3022 Jam
420 2981 503 3022 ue
543 2974 610 3022 et
646 2962 950 3023 triremes
993 2982 1178 3044 comp
1209 2963 1511 3037 ebantur,
1572 2985 1737 3052 quae
1772 2979 2024 3026 ceteras
2059 2982 2225 3046 quo-

227 3061 358 3126 que
465 3043 704 3139 ompeji
747 3063 945 3106 naves
991 3043 1662 3126 comprehenderent:
1716 3047 1832 3108 sed
1878 3045 2023 3106 illas
2065 3062 2225 3130 P·.¹'⁰·

223 3141 390 3206 pere
427 3124 632 3188 vulsis
666 3125 1122 3189 anchoralibus
1157 3125 1380 3188 favens
1413 3149 1448 3188 a
1481 3141 1655 3188 terra
1686 3140 1917 3189 ventus
1942 3125 2222 3205 Cyprum

225 3207 491 3282 retulit3
553 3209 853 3290 Aegyptii
899 3229 932 3268 a
968 3228 1134 3270 vano
1169 3209 1615 3291 persequendi
1658 3210 1923 3290 incepto
1960 3201 2223 3266 destite-

225 3301 401 3349 runt.
464 3307 617 3370 pars
657 3302 866 3350 tamen
906 3290 1164 3351 navium
1209 3305 1390 3372 capta
1430 3291 1854 3372 direptaque:
1900 3299 1967 3350 et
2006 3285 2075 3346 in
2108 3285 2217 3350 his

227 3367 314 3462 Q.
349 3368 701 3450 Pompeius
733 3370 811 3431 A.
849 3360 923 3432 F.
955 3373 1334 3453 Bithynicus
1374 3371 1655 3432 occisus.

348 3493 550 3558 xVu.
599 3494 709 3556 Sic
728 3497 1001 3579 Magnus
1033 3495 1145 3558 ille
1166 3493 1543 3578 Pompejus‚
1575 3493 1642 3552 in
1671 3505 2028 3577 conspectu
2057 3511 2214 3556 con·-
2264 3487 2591 3557 Magnafor·

221 3573 394 3659 jugis
431 3577 920 3661 liberorumque
953 3599 1180 3641 caesus
1203 3593 1238 3650 ‚·
1283 3577 1459 3637 inter
1496 3575 1961 3637 imbecillitatis
1992 3573 2213 3636 huma·
2235 3569 2399 3639 ‘¹3⁸⁸‘
2416 3571 2591 3614 'mm‘

221 3677 346 3718 nae
405 3653 810 3718 illustriffima
862 3661 1248 3722 documenta
1295 3674 1712 3722 memoratur.
1811 3656 2025 3742 Quum
2082 3677 2217 3716 non
2242 3637 2343 3679 “⁰⁶

221 3740 470 3800 Romae
514 3736 746 3808 modo,
801 3741 919 3802 sed
961 3741 1178 3803 ubivis
1221 3739 1430 3802 ferme
1471 3754 1829 3810 terrarum,
1889 3749 2216 3821 perpetuo

221 3834 461 3882 tenore
488 3816 824 3882 felicitatis
855 3822 1221 3906 principem
1249 3823 1467 3884 locum
1496 3822 1850 3885 diutissime
1874 3821 2219 3898 tenuill'e13

293 4011 445 4083 Gap.
478 3981 606 4064 XV.
661 4005 830 4060 Caes.
882 4006 1036 4064 Plut.
1086 4011 1226 4066 Dio.
1277 4010 1448 4067 Caes.
1490 4010 1650 4066 Plut..
1718 4009 1867 4080 Cap.
1894 4007 2053 4062 XVI.
2097 3977 2217 4079 ΔΡ-ι

226 4079 390 4152 pinu.
423 4077 578 4132 Plut.
627 4074 756 4130 Liv.
792 4074 952 4146 Epit.
1004 4065 1156 4136 Plfit.
1203 4078 1339 4140 Dio.
1377 4082 1558 4137 Oros.
1631 4077 1781 4152 Cap.
1818 4077 2005 4137 xvn.
2050 4075 2219 4133 Flor'.

235 4150 374 4205 Dio.
407 4145 566 4222 ,Cios
587 4141 664 4201 ad
688 4146 852 4204 Fam.
885 4146 950 4216 3,
979 4163 1078 4201 u.
1658 4189 1669 4200 .
1856 4148 1861 4156 ’
