2892 4684
403 1530 480 1589 u,
509 1550 564 1588 ο.
591 1508 742 1601 ἠιξ

400 1603 476 1659 Δ.
497 1604 564 1659 G.
593 1602 685 1657 38.

416 1671 530 1741 Ap.
547 1670 718 1725 Clau·

371 1734 692 1801 dio‚G.Nor

369 1804 526 1859 bano
544 1768 716 1859 Cous

420 1886 697 1941 stacteus

1011 956 1575 1033 JOHANNIS
1668 954 2431 1029 FREINSHEMII

863 1140 1567 1201 SUPPLEMENTORUM
1604 1142 2079 1235 mvlauomm
2126 1140 2344 1195 LIBER
2382 1142 2617 1204 xcnr.
2826 1222 2828 1231 a

991 1306 1080 1368 m
1120 1284 1416 1369 Locum
1458 1306 1685 1367 me
1729 1302 2067 1369 cxxvul.
2112 1304 2185 1365 T.
2221 1302 2451 1366 leu.
2826 1232 2828 1335 l

862 1533 910 1592 1.
963 1530 1022 1591 A
1057 1532 1133 1591 Ρ.
1170 1532 1436 1594 Claudio
1472 1536 1543 1597 C.
1574 1536 1645 1598 F.
1679 1530 1999 1601 Pulchro,
2050 1530 2123 1593 C.
2158 1528 2471 1591 Norbano
2518 1532 2595 1591 C.
2636 1532 2711 1591 F.

745 1612 978 1673 Flacco
1029 1613 1439 1685 consulibus,
1496 1616 1603 1699 qui
1650 1614 1841 1696 primi
1882 1610 2054 1672 binis
2102 1608 2559 1691 quaestoribus
2610 1612 2711 1671 usi

747 1704 927 1763 sunt,
999 1692 1192 1752 multa
1240 1695 1479 1755 Romae
1534 1694 1749 1779 gravia
1806 1710 1879 1755 ac
1933 1691 2249 1753 terribilia
2298 1688 2707 1751 inciderunt.

744 1776 898 1834 Nam
938 1784 1000 1831 et
1031 1770 1253 1854 plebs,
1300 1788 1571 1858 propter
1611 1775 1938 1836 saevitiam
1976 1784 2339 1833 exactorum
2364 1812 2384 1841 ,
2434 1790 2589 1831 cum
2626 1773 2705 1832 iis

743 1870 1093 1935 eorumque
1145 1852 1458 1916 militibus
1516 1855 1880 1929 dimicavit3
1946 1866 2011 1914 et
2068 1851 2399 1933 sexaginta
2450 1865 2705 1934 septem

368 1954 711 2025 m0m0⁶7‚
737 1945 1075 2016 praetores
1123 1936 1436 1995 numerati
1493 1950 1675 2007 sunt,
1742 1936 1884 1995 aliis
1946 1931 2215 1993 subinde
2270 1930 2583 1993 suffectis
2636 1934 2692 1992 iu

413 2552 694 2627 Prodigia.

738 2014 1010 2075 aliorum
1053 2013 1284 2075 locum.
1369 2016 1499 2077 Sed
1541 2032 1605 2078 et
1644 2020 1807 2098 puer
1845 2012 2135 2097 quidam,
2187 2010 2487 2093 quaestor
2522 2032 2698 2075 crea-

737 2107 872 2165 tus,
942 2090 1247 2174 postridie
1309 2108 1376 2155 to
1423 2118 1519 2157 am
1587 2098 1841 2158 virilem
1900 2094 2201 2175 sumpsit:
2272 2106 2339 2153 et
2398 2108 2699 2163 senator,

735 2192 1024 2257 pugnare
1061 2174 1234 2235 inter
1270 2175 1371 2256 gla
1419 2177 1659 2239 iatores
1695 2178 1997 2259 cupiens,
2056 2172 2319 2234 caufl'am
2354 2172 2537 2234 dedit
2568 2174 2709 2233 edi-

739 2266 882 2326 cto,
989 2274 1070 2314 uo
1127 2268 1459 2319 senatores
1502 2257 1873 2321 muneribus
1912 2252 2316 2337 gladiatoriis
2353 2254 2699 2325 dimicare,

739 2333 914 2395 servi
975 2346 1213 2395 ictores
1245 2332 1414 2408 fieri,
1458 2338 1695 2399 mortui
1769 2336 1991 2418 ropiua
2027 2334 2102 2395 ab
2136 2332 2298 2393 urbe
2328 2332 2494 2392 mille
2522 2352 2693 2392 non-

737 2428 969 2496 gentos
1012 2415 1218 2496 paffus
1260 2419 1533 2478 cremari
1571 2360 1965 2483 vetafiantur.

859 2546 935 2603 11.
994 2542 1288 2621 Sibyllini
1339 2544 1575 2609 deinde
1629 2544 1782 2606 libri
1838 2544 1985 2605 sunt
2038 2541 2196 2603 aditi
2250 2536 2687 2625 prodigiorum

738 2624 962 2686 causs'a.
1047 2628 1201 2690 Nam
1260 2638 1329 2687 et
1375 2628 1590 2720 paullo
1640 2639 1783 2687 ante
1829 2624 1954 2686 hoc
1996 2638 2289 2704 tempus,
2352 2642 2387 2682 e
2422 2620 2699 2683 taberna

735 2702 1072 2767 meritoria
1107 2718 1282 2766 trans
1315 2706 1605 2769 Tiberim
1646 2706 1858 2767 oleum
1899 2706 2295 2775 scaturiens,
2339 2722 2457 2783 per
2488 2716 2697 2764 totum
2820 2716 2822 2731 ³

737 2784 910 2845 diem
947 2784 1292 2867 largiss'imo
1325 2786 1470 2848 rivo
1504 2786 1709 2849 fluxit.
1761 2800 1893 2847 tum
1931 2799 2135 2847 autem
2178 2797 2241 2845 et
2276 2782 2441 2844 cella
2456 2786 2702 2845 Romu·
2820 2748 2823 2849 i

741 2865 796 2927 li
825 2862 1184 2937 sacrificio,
1244 2866 1419 2950 quod
1458 2866 1632 2930 forte
1664 2864 2007 2949 pontifices
2048 2864 2141 2925 ibi
2175 2862 2535 2937 faciebant,
2600 2885 2699 2924 ar..

745 2946 866 3008 site
928 2959 992 3006 et
1044 2946 1451 3008 simulacrum
1498 2948 1808 3021 Virtutis,
1874 2960 2019 3009 ante
2066 2957 2320 3028 portam
2366 2944 2703 3025 quamdam

792 3026 1064 3098 ositum,
1111 3027 1176 3085 in
1211 3028 1444 3089 faciem
1484 3027 1858 3113 procubuit:
1904 3042 1970 3089 et
2004 3025 2279 3110 quidam,
2324 3022 2559 3087 furore
2586 3030 2703 3106 Cy-

743 3046 927 3167 Eeles
967 3108 1294 3189 correpti,
1351 3123 1617 3171 matrem
1650 3111 1853 3169 Deum
1901 3108 2093 3171 irasci
2137 3104 2379 3188 populo
2410 3106 2705 3168 Romano

745 3187 1074 3247 canebant.
1159 3188 1359 3271 idque
1387 3188 1862 3261 confirmarunt,
1908 3188 2089 3249 libris
2118 3186 2457 3269 inspectis,
2492 3186 2703 3281 Quiu-

751 3266 1131 3343 decimviri3
1199 3268 1633 3354 jufferuntque
1688 3270 2019 3355 deportari
2067 3268 2267 3326 Deam
2338 3265 2417 3326 ad
2486 3290 2701 3339 mare,

749 3362 938 3430 atque
984 3346 1150 3409 unda
1191 3352 1432 3412 marina
1478 3350 1742 3413 lustrari.
1815 3348 2215 3429 traditurque
2260 3367 2370 3408 res
2404 3350 2573 3411 mira
2609 3349 2709 3409 di·

748 3442 887 3501 ctu,
932 3427 1059 3488 nisi
1095 3429 1304 3523 quod,
1347 3428 1575 3493 horum
1600 3430 1809 3497 ,semel
1840 3428 2094 3525 cognita
2128 3428 2362 3498 causs'a,
2406 3428 2575 3491 nihil
2604 3432 2703 3489 in-

747 3508 830 3569 de
864 3510 1380 3590 provenientium
1417 3513 1713 3574 mirabile
1747 3509 1853 3580 est,
1902 3510 2304 3571 simulacrum
2336 3508 2447 3568 lon
2498 3512 2709 3573 imme

747 3588 1006 3649 intrass‘e
1055 3587 1120 3648 in
1165 3612 1378 3665 mare,
1452 3594 1685 3677 vixque
1732 3589 2070 3675 aliquando
2122 3586 2357 3650 rediffe
2396 3612 2429 3651 a
2526 3592 2707 3654 litus.

746 3668 956 3746 Major
1005 3669 1235 3733 exinde
1285 3688 1491 3735 metus
1536 3678 1773 3736 Romae
1819 3674 1983 3741 fuit,
2038 3671 2369 3752 majorque
2416 3676 2707 3733 numinis
2810 3642 2813 3721 1

749 3748 962 3811 aversi
999 3747 1193 3812 fides:
1247 3773 1458 3837 neque
1502 3768 1820 3816 mutarunt
1860 3752 2042 3837 prius
2084 3751 2457 3833 opinionem
2496 3752 2712 3814 homi-

745 3850 902 3903 nes,
946 3850 1129 3912 quam
1171 3832 1411 3895 circum
1454 3836 1675 3897 aedem
1714 3835 1849 3916 ejus
1893 3828 2059 3895 et‘iu
2092 3832 2237 3893 foro
2271 3832 2521 3916 palmae
2556 3854 2715 3921 qua-
2808 3786 2811 3895 ι

745 3921 899 3971 tuor
943 3925 1164 3975 enatae
1206 3929 1372 3977 suut.
2806 3928 2808 3931 ‘

703 4148 710 4157 ·
823 4108 968 4182 θοι».
1002 4112 1051 4168 ι.
1099 4114 1240 4186 1³10,
1271 4114 1315 4174 1.
1345 4116 1436 4189 48.
1508 4118 1649 4193 cap.
1680 4116 1759 4178 11.
1783 4118 1977 4191 ‚oron
2004 4117 2061 4187 ⁶,
2096 4114 2180 4175 ιε.
2230 4113 2373 4173 mo.
