2892 4684
638 306 727 372 m
766 304 1071 373 Locum
1108 306 1271 371 LIB.
1318 306 1605 377 cxxiv.
1649 306 1878 377 mvn.
2141 306 2270 385 435

278 513 608 599 proelium
646 512 889 577 imbues
923 533 1131 579 coeno
1165 528 1229 577 et
1264 534 1445 599 aqua,
1495 514 1806 578 continuo
1837 530 2114 601 propter
2143 518 2265 583 fri-
2329 518 2398 574 U·

276 618 399 679 gns
438 596 905 678 conglaciante‚
950 598 1231 659 tentoria
1266 599 1706 681 repleverant.
1766 598 1869 659 Ad
1895 597 2056 661 haee
2090 621 2265 662 com·
2321 594 2402 645 Α·

275 691 600 741 meatuum
636 690 704 741 et
732 681 1051 761 pecuniae
1071 678 1530 761 premebantur
1553 678 1809 763 inopia:
1853 699 2068 765 neque
2096 683 2266 745 mili-

273 762 331 822 ti
363 779 486 845 pro
518 759 715 821 rebus
748 760 987 822 amiss'is
1018 761 1175 822 dare
1188 760 1548 844 ¹quidquam
1573 776 1836 843 praeter
1857 764 2056 825 verba
2077 776 2264 847 pote-

274 856 464 915 -rant,
509 853 575 905 et
602 840 836 903 instans
865 841 1075 904 hiems
1102 840 1410 922 majorem
1436 842 1762 904 inferebat
1783 840 2108 907 molestiae
2131 866 2267 909 me-

279 936 437 983 tum.
503 937 730 986 contra
762 942 944 1006 spem
972 923 1443 1008 propemodum
1474 943 1724 985 omnem
1751 926 2130 989 auferebant
2153 926 2268 989 ‹le-

263 1004 441 1101 letae
461 1026 497 1066 a
522 1004 733 1067 Statio
764 1007 1015 1091 copiae,
1059 1024 1217 1089 quas
1242 1006 1526 1087 transire
1548 1006 1906 1100 Brundisio
1939 1008 2268 1075 triumviri

261 1098 615 1168 jusserant.
2193 1142 2212 1171 ,

392 1220 565 1295 xm.
622 1216 877 1283 Eodem
914 1220 1087 1291 enim
1124 1218 1269 1295 die,
1315 1238 1446 1303 quo
1483 1216 1554 1279 in
1593 1210 1836 1305 campis
1872 1220 2266 1308 Philippicis
2321 1245 2660 1316 &rmum

264 1298 359 1364 est
401 1301 873 1387 depugnatum,
937 1304 1162 1367 class'es
1225 1302 1417 1365 etiam
1473 1300 1754 1384 partium
1808 1303 1878 1365 in
1928 1303 2268 1369 Adriatico
2293 1317 2604 1379 advenum.

254 1387 435 1451 mari
489 1400 988 1449 concurrerunt.
1088 1386 1267 1447 Duas
1328 1380 1668 1465 legiones,
1783 1406 2008 1447 uarum
2067 1388 2268 1450 altera

262 1464 499 1531 Martia
536 1464 699 1541 fuit,
738 1478 813 1527 et
847 1468 1239 1550 praetoriam
1286 1462 1618 1527 cohortem
1641 1505 1658 1537 ,
1704 1485 1738 1527 a
1789 1480 1792 1487 ·
1824 1467 1952 1529 duo
1991 1483 2264 1533 armato-

263 1566 415 1611 rum
439 1546 667 1621 millia,
716 1566 861 1609 cum
899 1563 1174 1634 quatuor
1216 1546 1508 1632 equitum
1547 1545 1691 1621 alis,
1737 1561 1804 1610 et
1837 1547 1959 1610 alia
1993 1548 2266 1637 insuper

266 1628 525 1693 delecta
566 1628 1019 1709 multitudine,
1076 1630 1403 1692 Domitius
1445 1625 1752 1693 Calvinus
1792 1631 2113 1693 onerariis
2149 1654 2262 1694 na-

261 1711 459 1775 vibus
507 1712 579 1772 in
618 1712 971 1786 Graeciam.
1010 1709 1491 1796 transportabat
1511 1752 1530 1783 ,
1603 1710 1981 1775 triremibus
2076 1734 2260 1777 rose-

266 1792 618 1893 quentibus
695 1793 910 1873 aucis3
956 1815 1150 1883 quum
1191 1813 1265 1855 se
1302 1790 1546 1857 Statius
1580 1794 1880 1868 Murcus,
1927 1809 2028 1856 et.
2095 1798 2258 1857 omi-

264 1889 397 1938 nus
426 1814 898 1939 Ahenobarbus
944 1898 1085 1940 cum
1122 1889 1379 1939 centum
1420 1872 1686 1954 triginta
1731 1876 1946 1959 longis
1987 1876 2257 1939 navibus

266 1958 687 2038 objecerunt.·
740 1960 972 2041 Magna
998 1958 1095 2022 ibi
1127 1956 1362 2020 caedes
1396 1955 1889 2019 triumviralium
1923 1960 2258 2041 copiarum

264 2038 461 2101 facta.
533 2058 675 2099 nam
702 2079 719 2111 ‚
766 2056 1038 2135 praeter
1082 2038 1418 2103 onerarias
1460 2034 1750 2098 haud.ita
1780 2040 2047 2111 multas,
2095 2060 2254 2123 quas

266 2122 531 2203 longius
580 2133 820 2182 ceteris
862 2137 1205 2205 provectas
1255 2120 1520 2205 impleta
1565 2132 1763 2181 vento
1810 2120 1950 2181 vela
1991 2120 2256 2203 eripue-

266 2215 449 2275 rant,
508 2214 763 2264 ceterae
802 2223 1088 2279 omnes,.
1123 2215 1397 2287 repente
1438 2200 1712 2263 cess'ante
1753 2198 1944 2272 flatu,
1989 2202 2254 2284 impune

266 2282 966 2347 circumveniebantur.
1022 2304 1237 2369 neque
1278 2280 1546 2345 defendi
1580 2302 1615 2341 a
1649 2281 2028 2345 triremibus
2113 2298 2255 2347 ote-

265 2379 435 2439 rant,
482 2366 677 2449 longe
711 2363 1068 2451 imparibus
1102 2364 1263 2443 hosti
1292 2378 1567 2450 propter
1589 2364 1994 2445 paucitatem.
2104 2387 2259 2427 num

266 2446 691 2510 succurrebat
725 2448 1245 2531 periclitantibus
1284 2444 1642 2509 remedium
1679 2445 1892 2509 contis
1929 2460 2122 2529 atque
2150 2446 2257 2509 fu·

262 2528 461 2591 nibus
511 2527 822 2611 jungendi
871 2550 1110 2603 naves,
1172 2550 1255 2592 ne
1295 2524 1630 2590 circumiri
1669 2527 1748 2588 ab
1785 2524 2070 2590 hostibus
2106 2547 2264 2611 pos-

269 2625 453 2673 sentt
498 2611 615 2672 sed
653 2610 875 2673 emiss'a-
906 2612 983 2676 ab
1021 2612 1125 2673 his
1159 2612 1363 2697 ignita
1394 2608 1600 2689 jacula
1632 2606 1999 2671 dissolvere
2033 2610 2263 2671 vincu-

270 2692 334 2755 la
380 2693 730 2775 cogebant,
794 2707 863 2756 et
916 2708 1193 2780 propter
1228 2706 1470 2755 metum
1507 2690 1795 2751 incendii
1841 2690 2114 2774 sparsim
2157 2689 2262 2751 fu-

269 2794 467 2857 gere,
527 2792 733 2857 eaque
777 2777 1028 2838 ratione
1076 2796 1303 2836 rursus
1353 2792 1427 2835 se
1473 2770 1793 2853 praebere
1829 2768 2120 2834 rostratis
2159 2770 2264 2833 fe-

266 2854 551 2921 riendas.
636 2860 709 2917 lu
746 2874 823 2917 ea
865 2855 1325 2940 desperatione
1372 2867 1718 2923 veteranos
1755 2851 1930 2932 ajunt
1965 2873 2124 2935 prae
2158 2854 2261 2913 ni-

264 2936 404 3001 mio
459 2936 731 3010 dolore,
798 2936 971 3021 quod
1027 2938 1271 3000 virtute
1324 2934 1621 3019 potiores
1674 2934 1865 2995 inulti
1965 2933 2255 3008 eribant,

263 3018 396 3081 sibi
450 3018 685 3099 ⁴artim,
732 3033 1071 3103 antequam
1102 3020 1447 3081 excitatum
1473 3014 1844 3077 incendium
1875 2956 2052 3087 ell'en
2101 3035 2256 3077 con-

260 3101 429 3164 scivi
484 3121 523 3163 e
552 3119 819 3179 necem;
870 3102 1135 3183 partim,
1184 3099 1554 3161 insilientes
1587 3098 1654 3157 in
1687 3094 1939 3157 hostilia
1971 3096 2252 3180 navigia,

260 3183 460 3244 multa
505 3180 763 3255 feciss'e,
826 3184 1037 3267 qualia
1080 3182 1421 3245 necessitas
1464 3191 1746 3241 extrema
1789 3196 1867 3239 co
1915 3178 1998 3251 it,
2057 3178 2256 3239 multa

260 3264 475 3347 pass'os
514 3264 679 3327 effe.
754 3267 911 3325 Erat
948 3266 1224 3327 immane
1263 3258 1733 3345 spectaculum,
1798 3260 1864 3320 vi
1915 3278 2028 3322 ere
2079 3261 2258 3321 inter

259 3346 552 3407 marinos
586 3344 823 3407 ssuctus
858 3348 1241 3409 emicantem
1280 3365 1315 3406 e
1350 3343 1625 3405 navibus
1656 3340 1998 3415 flammam,
2040 3354 2107 3402 et
2143 3360 2251 3403 se-

258 3424 640 3489 miustulatis
682 3426 1096 3489 inhaerentes
1136 3425 1375 3501 carinis
1411 3424 1577 3486 alios
1615 3422 1920 3485 incendio
1957 3422 2245 3520 corripi-3

258 3508 467 3581 alios,
524 3508 643 3571 hac
678 3506 853 3593 peste
889 3508 999 3571 vix
1035 3510 1309 3579 evitata,
1354 3505 1579 3585 jactari
1619 3504 1762 3567 sine
1795 3516 2242 3577 armamentis,

260 3590 411 3651 sine
435 3606 814 3664 commeatu,
847 3588 1057 3652 donec
1082 3591 1253 3653 fame
1278 3590 1518 3685 sitique
1539 3582 2041 3649 conficerentur.
2089 3586 2246 3647 Ser-

258 3670 395 3735 vati
432 3684 644 3735 tamen
686 3674 784 3735 sic
820 3672 1015 3735 etiam
1055 3686 1203 3737 sunt
1236 3671 1478 3754 aliqui,
1519 3668 1756 3731 tabulis
1799 3680 1905 3729 aut
1945 3667 2243 3728 antennis

254 3750 721 3827 adhaerentes,
778 3768 846 3817 et
885 3752 963 3813 ad
1000 3753 1307 3851 scopulos
1353 3765 1418 3814 et
1453 3747 1852 3834 importuosa
1890 3750 2081 3811 litora
2117 3746 2242 3809 ssu-

259 3833 477 3897 ctibus
520 3837 694 3898 elati.
756 3850 972 3910 erant,
1021 3857 1170 3922 qm,
1216 3841 1287 3897 et'
1322 3834 1608 3918 quintam
1645 3833 1713 3892 in
1756 3830 1930 3893 diem
1963 3830 2238 3893 tolerata

242 3916 469 3990 fame,
530 3931 721 4001 atque
766 3918 1032 3979 interim
1077 3916 1243 3980 velis
1290 3929 1357 3978 et
1398 3913 1664 3977 funibus
1696 3912 1952 3986 adesis,
2012 3926 2078 3973 et
2111 3912 2238 3973 lin·

250 3998 464 4083 genda
502 4001 649 4083 pice
683 4000 859 4062 sitim
890 4014 1235 4084 utcumque
1264 3994 1590 4071 fallentes,
1627 3994 1998 4061 evaderent.
2058 3995 2239 4057 Lou-

324 4188 471 4262 Cap.
502 4186 629 4243 xn.
671 4190 809 4246 Dio.
846 4200 904 4245 et
931 4186 1087 4245 mut.
1160 4186 1306 4258 Gap.
1336 4184 1496 4243 xm.
1529 4184 1681 4330 ligat.
1719 4194 1780 4239 et
1808 4182 2066 4258 Appian-

1631 4280 1673 4329 θ
1711 4282 1754 4329 2
