2892 4684
874 117 883 151 Ι

646 248 779 319 ,4¹4
818 237 2639 309 FRE1NSH.SUPPLEMENTORUMtaz-..LxxanL

366 484 385 505 .
420 466 475 575 ἓ
500 464 629 587 Zip-
656 462 730 511 ut
766 448 1017 591 salter}1
1038 464 1431 545 commeatus
1459 464 1539 545 'et
1575 441 2330 595 supple-mentanhossium
2367 444 2642 589 {kerci-

544 635 549 645 =
654 544 932 685 Exta,
992 550 1137 675 0223
1170 533 1640 699 ζὶῗέξηὲἓᾶἳ,
1676 534 2647 695 ἒὲἷέὴῖἓ”ηηὲᾆῗίἑ“ῗὲςῑοῃί“ἰι

652 694 1046 777 sagittariis,
1108 697 1526 779 supervenit:
1589 714 1985 780 magnopere
2025 697 2198 756 enim
2235 693 2495 754 referre
2536 712 2647 751 ar-

648 774 1097 847 bitrabantur,
1156 777 1377 839 Italiae
1422 792 1816 841 commeatus
1857 774 2245 848 intercludi,
2307 772 2486 858 qnod
2521 772 2646 834 ho-

649 856 851 1003 ξὲῑιιιιιιε
900 856 1163 921 aliunde
1212 873 1453 921 arctam
1501 860 2074 924 frumentationem
2125 860 2272 919 sore
2325 852 2650 923 existima-

347 1056 581 1137 gatssass
778 1048 918 1114 vn.
963 1048 1135 1107 Dum
1169 1045 1295 1107 hoc
1334 1044 1530 1107 modo
1566 1045 1742 1107 circa
1822 1043 2254 1107 rohibendnm
2288 1042 2649 1128 expedien-

274 1151 435 1193 eraens
462 1140 599 1205 1³qu
655 1127 939 1213 dumque
970 1128 1307 1209 trajectum
1338 1128 1417 1189 ab
1446 1128 1551 1190 his
1575 1067 1968 1205 desudptur3
1999 1127 2340 1189 Norbanus
2370 1140 2436 1188 et
2455 1128 2642 1198 Saxa,

274 1210 461 1277 lippos
502 1226 595 1277 ΡΟ·
652 1232 799 1273 cum
838 1212 972 1272 suis
1005 1210 1375 1293 legionibus
1410 1210 1587 1270 omni
1606 1209 1986 1272 Macedonia
2020 1208 2252 1270 vei-sus
2275 1208 2648 1281 Thraciam,

274 1278 609 1345 '‘m“stn‘
736 1292 866 1355 atio
922 1292 1101 1353 mille
1148 1292 1656 1375 quingentorum
1704 1290 2087 1363 stadiorum,
2153 1290 2232 1352 ad
2279 1292 2650 1373 Pangaeum

650 1316 863 1459 {eque
894 1387 1178 1435 montem
1214 1392 1482 1435 emenso
1503 1415 1520 1445 ,
1568 1387 1745 1435 trans
1772 1372 2116 1455 Philippos
2146 1386 2510 1457 posuerunt
2540 1392 2650 1433 ca-

652 1456 777 1517 stra
808 1456 873 1517 in
898 1454 1319 1537 Turpilorum
1349 1468 1414 1517 et
1446 1455 1840 1538 Sapaeorum
1871 1452 2196 1537 angustii5‚
2247 1452 2424 1541 quod
2448 1474 2650 1515 unum

651 1538 879 1599 tritum
909 1533 999 1597 est
1027 1538 1157 1598 iter
1186 1535 1255 1597 in
1278 1538 1608 1620 Europam
1635 1556 1714 1599 ex
1733 1538 1891 1599 Asia
1912 1542 2422 1602 transeuntibus·
2463 1538 2650 1618 Sym-

653 1618 879 1681 bolum
908 1618 964 1679 is
992 1618 1177 1681 locus
1205 1616 1578 1693 vocabatur,
1625 1616 1798 1702 qnod
1832 1617 1926 1680 ibi
1957 1632 2210 1680 montes
2246 1620 2375 1681 duo
2406 1618 2646 1701 magni,

656 1714 840 1763 arcto
894 1699 1221 1782 utrimque
1248 1699 1516 1765 ,relicto
1569 1699 1880 1771 transitu,
1949 1702 2458 1762 committuntur.
2543 1704 2654 1760 ln-

654 1782 867 1843 terius
904 1781 973 1841 in
1006 1800 1231 1864 campo
1269 1782 1598 1843 montibus
1638 1778 2034 1843 circumdato
2063 1780 2358 1867 Philippi
2397 1781 2649 1863 jacent:

655 1862 738 1925 ati
774 1883 952 1945 mare
986 1864 1333 1945 Neapolis,
1379 1862 1656 1924 obversa
1685 1862 1901 1925 Thaso
1942 1864 2191 1925 insulae
2213 1906 2230 1935 ,
2279 1884 2446 1925 nunc
2483 1860 2659 1947 quo·=

654 1967 785 2029 que
822 1966 1059 2009 nomen
1094 1945 1227 2007 anti
1276 1966 1425 2005 uum
1459 1944 1808 2020 retinenti,
1917 1964 2036 2006 nae
2083 1966 2426 2029 perperam
2472 1944 2644 2041 apud

650 2028 1101 2089 Ptolemaeum
1130 2024 1244 2085 Tha
1270 2023 1399 2103 (ξφα
1436 2026 1768 2089 scribitur.
1853 1966 1984 2088 flio
2016 2028 2265 2111 primus
2302 2040 2644 2113 oppositus

524 2096 537 2117 ⁸
654 2108 746 2171 est
779 2110 950 2171 obex
981 2108 1188 2170 Gallio
1228 2122 1294 2168 et
1318 2111 1528 2171 Bruto
1548 2151 1565 2184 ,
1614 2106 1858 2171 Sestum
1888 2109 2201 2191 Abydeno
2231 2110 2410 2173 freto
2439 2110 2650 2191 (Dar-

653 2190 901 2255 danellos
932 2190 1135 2251 hodie
1166 2190 1430 2269 vocant)
1463 2190 1856 2272 transjectis.

346 2306 634 2363 Horrtbite
780 2296 950 2360 Vm.
1000 2295 1149 2378 Quo
1190 2308 1490 2379 tempore
1523 2312 1884 2361 memorant
1919 2294 2241 2359 horribile
2279 2298 2488 2360 visum
2529 2295 2649 2358 ob-

220 2384 231 2401 *
279 2380 453 2433 visum
484 2380 629 2445 ⁰1²1?-
654 2377 897 2461 jectum
926 2381 1134 2439 Bruto
1172 2375 1381 2439 fuiffe.
1465 2380 1670 2441 Forte
1709 2378 1811 2440 vir
1846 2379 2059 2443 somni
2095 2381 2525 2463 pai-ciffimus‚
2575 2391 2650 2439 et

150 2513 161 2531 ,
280 2460 419 2503 “⁸³¹⁸
434 2442 627 2501 Bmu·
704 2460 1032 2524 raesentia
1067 2459 1339 2521 volvens
1366 2460 1615 2533 anime,
1661 2460 1921 2523 multam
1960 2460 2025 2523 in
2059 2476 2313 2523 noctem
2345 2460 2647 2521 lucubra-

742 2556 805 2621 t;
868 2562 1065 2629 quum
1110 2538 1293 2601 fores
1337 2561 1681 2626 crepuere.
1765 2543 2083 2626 Respexit
2126 2543 2275 2617 ille,
2333 2563 2478 2609 nam
2521 2542 2648 2603 sub

653 2626 915 2687 tertiam
956 2622 1247 2705 vigiliam
1283 2644 1318 2683 a
1354 2623 1848 2687 centurionibus
1885 2640 1951 2688 et
1980 2626 2262 2687 tribunis
2293 2623 2460 2687 adiri
2489 2643 2651 2685 con·

658 2720 998 2771 sueverat:
1044 2724 1240 2787 quum
1266 2703 1574 2767 adsistere
1609 2706 1738 2767 sibi
1767 2722 2098 2791 spectrum
2123 2708 2373 2791 ingenti
2403 2719 2470 2769 et
2491 2706 2651 2768 hor·

654 2788 841 2850 ribili
882 2785 1106 2873 specie
1145 2784 1333 2848 vidit.
1408 2786 1834 2871 sustinuitque
1869 2809 2142 2873 rogare,
2188 2798 2311 2871 quis
2343 2789 2502 2871 effer,
2549 2808 2650 2849 aut

654 2892 763 2951 qua
814 2870 991 2950 cauffiz
1040 2864 1309 2947 veniffet?
1371 2870 1787 2952 Responsum
1832 2869 1953 2945 est,
2019 2874 2218 2930 malum
2267 2874 2385 2949 ejus
2427 2874 2650 2951 gmium

653 2950 793 3029 effi,
853 2948 1151 3014 videndum
1194 2955 1396 3010 iterum
1444 2951 1734 3031 Philtppis.
1805 2954 1912 3013 cui
1963 2952 2076 3015 ille
2122 2952 2646 3036 imperterritus,

666 3032 911 3108 mehe,
955 3030 1191 3129 inquit.
1274 3032 1364 3093 At
1396 3032 1677 3105 Gallius,
1724 3034 2090 3116 Epicureae
2139 3036 2502 3097 sententiae
2541 3052 2653 3093 se-

656 3128 906 3189 ctator,
967 3135 1071 3176 cui
1114 3111 1323 3195 prima
1363 3114 1508 3175 luce
1551 3114 1890 3197 profectus
1929 3116 2006 3176 ad
2045 3134 2188 3177 eum
2219 3118 2460 3177 Brutus
2507 3134 2653 3175 rem

658 3210 1092 3280 exposuerat,
1154 3195 1329 3257 curis
1384 3211 1576 3279 atque
1621 3197 2125 3279 cogitationibus
2169 3197 2237 3259 id
2281 3212 2486 3259 totum
2525 3197 2652 3257 im-

656 3280 946 3363 putavit,
1012 3276 1249 3361 quibus
1300 3278 1573 3361 agitatus
1622 3280 1870 3338 animus
1920 3279 2238 3361 ejusmodi
2287 3281 2414 3343 sibi
2459 3280 2654 3340 mira-

590 3353 595 3368 '
660 3361 804 3422 cula
860 3361 1005 3457 ipse
1059 3358 1431 3420 vehementi
1485 3359 1945 3442 imaginatione
1996 3360 2325 3444 figur-arat.
2408 3364 2654 3445 Igitur,

656 3442 780 3506 hac
814 3442 1061 3525 abjecta
1098 3456 1165 3503 et
1201 3441 1488 3525 seposita
1529 3441 2004 3515 sollicitudine,
2053 3442 2134 3504 de
2167 3446 2420 3506 ratione
2456 3446 2654 3506 itine-

566 3539 581 3554 ·
658 3527 797 3597 riS,
846 3524 1025 3609 quod
1060 3544 1219 3608 prae
1262 3545 1453 3584 manu
1492 3537 1666 3597 erat,
1711 3524 1942 3606 agitari
1978 3540 2300 3607 coeptum.

345 3651 554 3707 mmm
580 3663 633 3705 ,ς
782 3634 894 3695 IX.
938 3632 1087 3693 Duo
1119 3630 1223 3691 his
1256 3630 1664 3715 temporibus
1687 3632 2010 3695 Thracum
2035 3636 2428 3715 Sapaeorum
2462 3646 2652 3695 erant

278 3720 631 3795 Rhascupoti-
658 3714 917 3798 reguli,
972 3712 1267 3776 Rhascus
1320 3728 1389 3775 et
1430 3712 1866 3796 Rhascupolis
1915 3714 2186 3777 fratres:
2249 3716 2362 3797 qui
2411 3714 2652 3781 callido

278 3792 629 3917 {izerman-
658 3796 983 3871 consilio,
1044 3809 1116 3858 nt
1136 3796 1327 3881 ⁴alter
1368 3814 1452 3857 ex
1493 3809 1732 3861 eventu
1779 3796 2050 3859 salutem
2091 3798 2284 3859 alteri
2319 3817 2355 3857 a
2395 3798 2651 3861 victore

734 3984 881 4057 Cap.
916 3986 1052 4043 VII.
1091 3984 1228 4051 Dio,
1261 3984 1304 4040 l.
1325 3988 1415 4053 4⁴7.
1453 3993 1516 4039 et
1543 3983 1800 4057 Appian.
1835 3984 1989 4039 Plut.
2025 3985 2235 4039 Bruto.
2274 3980 2411 4039 Dio.
2453 3982 2650 4039 Ortel.

663 4055 947 4111 Thesaur.
986 4054 1207 4127 Geogr.
1254 4054 1504 4109 Ptolem.
1536 4054 1588 4120 3,
1625 4074 1708 4107 ιι.
1782 4055 1927 4125 Cap.
1963 4054 2124 4109 VIII.
2176 4054 2224 4107 A
2274 4053 2435 4125 pian.
2483 4052 2644 4107 Plut-

662 4124 874 4185 Bruto.
909 4134 970 4182 et
993 4124 1162 4183 Caes.
1198 4122 1361 4185 Flor.
1384 4129 1439 4195 4,
1463 4138 1519 4195 ⁴7.
1554 4122 1810 4197 Appian.
1848 4122 2004 4181 Plut.
2076 4071 2346 4197 Gap-ix.
2380 4116 2648 4199 Appian-
