2892 4684
385 340 396 345 -
471 259 486 283 =
574 244 670 303 m·
696 228 988 304 L'octm
1030 238 1875 302 L1ss.cxxx1v.mv11·.=·
1988 295 1995 305 .
2076 235 2195 305 683

1761 407 1767 417 ι
2004 404 2007 412 ·
2354 396 2361 415 Ι

253 442 468 503 clarae
497 447 910 504 institutionis
939 454 1254 503 auctorem
1285 449 1599 505 exstitisse
1626 450 1853 505 norint.
1932 445 2113 521 Quod
2142 448 2199 501 si
2258 440 2326 497 U·
2356 457 2409 495 c.
2438 442 2543 508 ¹723

238 514 417 596 forte
453 524 717 574 naturae
743 517 1022 583 prauitas
1061 517 1127 569 in
1159 516 1533 588 quibusdam
1566 514 1955 571 educationis
1985 512 2203 572 curam
2257 512 2329 566 A.
2346 510 2413 565 0.
2436 528 2525 579 ²9·

177 648 184 653 ,
253 584 506 665 vicet-it,-
555 582 655 638 lais
681 584 842 639 nihil
873 600 1090 638 earum
1120 603 1364 649 rerum,
1413 584 1631 657 quibus
1668 585 1849 639 abuti
1885 581 2205 639 adseclas

252 660 523 724 possint,
560 650 1026 707 committetur)
1058 654 1166 722 qui
1201 671 1338 707 vero
1369 672 1444 708 ne
1478 656 1567 707 sic
1644 653 1847 707 uidem
1878 654 2201 725 quieverit,

237 720 578 802 ferociam,
615 739 803 792 quam
829 718 1162 788 disciplina
1185 720 1412 782 noluit,
1447 739 1601 793 supp
1634 722 1755 776 icio
1776 729 1999 791 ponat.-
2078 719 2203 775 uod

259 796 422 843 citra
455 797 626 843 tuam
659 786 962 844 invidiam
991 787 1300 860 intrepide
1320 790 1653 859 irrogabis·
1695 794 1817 845 Nec
1840 790 1999 843 enim
2075 791 2205 843 rin·
2264 806 2275 815 ·

255 858 414 929 cipi,
455 863 525 909 ut
554 856 830 923 medico,
867 858 1016 914 uitio
1047 860 1338 920 vertitur,
1377 858 1432 909 si
1462 854 1735 921 rec-idat,
1772 856 2073 929 quidquid
2110 858 2203 911 in·
2258 895 2261 897 ψ

258 922 545 981 sanabile
593 935 656 981 et
694 943 913 997 corpus
960 928 1252 998 contagio
1289 920 1668 992 infectarum
1706 924 2201 998 deprehenderit.
2232 954 2237 961 ·

258 992 455 1050 Illum
488 995 698 1061 potius
731 992 1018 1048 onerabit
1049 996 1324 1048 omnium
1350 992 1742 1067 indignatio,
1794 996 1935 1066 qui,
1983 992 2207 1047 simili-

261 1069 357 1116 ter
389 1070 458 1114 at
500 1080 572 1115 ue
603 1062 794 1115 ceteri
825 1060 1163 1133 educatus,
1224 1068 1466 1116 tantum
1501 1070 1564 1117 et
1595 1082 1631 1117 a
1667 1063 1824 1118 bona
1856 1070 2092 1125 mente,
2145 1067 2209 1115 et

261 1146 302 1183 a
334 1148 433 1183 mo
481 1130 641 1184 estia
673 1138 1016 1184 ceterorum
1047 1128 1394 1185 desciverit.
1464 1128 1590 1187 Sed
1623 1130 1698 1187 de
1729 1130 2115 1187 senatoribus
2146 1134 2211 1185 et

259 1197 578 1268 equitibus
611 1196 932 1252 hactenus.
1718 1198 1721 1205 '

381 1288 607 1349 XLIX.
653 1288 750 1345 Ad
783 1288 1016 1373 milites
1046 1302 1330 1351 transeo.-
1379 1312 1531 1367 quos
1570 1292 1691 1349 tibi
1730 1298 2024 1365 perpetuo
2065 1290 2211 1346 reti·
2268 1312 2341 1367 De
2364 1310 2549 1368 mma,

260 1368 494 1425 nendos
540 1388 668 1427 esse
710 1360 820 1415 sub
863 1362 1064 1442 stgnis
1110 1368 1395 1441 autumo,
1435 1382 1546 1436 per
1576 1363 1925 1439 provincias
1959 1360 2208 1415 aestivis
2234 1384 2348 1437 bus..

259 1436 654 1509 thernisque
686 1432 1074 1495 constitutis,
1115 1438 1188 1485 ut
1213 1448 1507 1502 cujusque
1545 1430 1667 1485 loci
1694 1432 1967 1486 conditio
2000 1428 2206 1483 horta·

262 1505 456 1561 bitur.
525 1508 641 1562 His
679 1504 915 1555 certum
954 1498 1405 1569 stipendiorum
1437 1516 1761 1553 numerum
1799 1498 2087 1563 definies,
2132 1501 2213 1548 'ut

261 1574 354 1628 eis
394 1572 609 1647 aliqua
639 1586 786 1644 pars
822 1570 1052 1621 aetatis
1083 1584 1278 1622 uacua
1314 1566 1528 1621 labore
1562 1568 2083 1638 post‘missionem
2112 1581 2213 1617 su-

259 1644 476 1714 persit.
548 1641 671 1696 Sed
702 1654 780 1691 es:
806 1636 990 1690 sociis
1017 1636 1208 1689 etiam
1240 1654 1312 1689 ac
1339 1636 1668 1702 provinciis
1692 1634 1943 1689 auxilia
1968 1630 2209 1687 delecta

261 1712 492 1764 nostris
525 1703 880 1783 legionibus
921 1701 1261 1777 adjunges,
1313 1720 1469 1773 quae
1502 1709 1732 1775 parata
1766 1704 1891 1761 sint
1924 1699 2008 1755 ad
2081 1715 2213 1753 uos·

262 1776 423 1833 libet
449 1796 619 1832 usus.
691 1778 813 1831 Nec
842 1774 1004 1827 enim
1033 1773 1099 1827 in
1127 1776 1260 1842 ipso
1292 1770 1600 1825 bellorum
1632 1770 1984 1825 discrimine
2004 1716 2213 1838 flzcile

260 1844 443 1901 nobis
481 1848 605 1901 erit
641 1838 894 1899 aux-ilia
933 1840 1335 1904 contrahere,
1391 1840 1495 1909 qui
1534 1844 1597 1892 et
1635 1840 1984 1910 prouincias
2026 1836 2215 1906 longe

261 1912 600 1975 distantes,
639 1920 702 1967 et
730 1910 962 1964 uicinos
987 1908 1196 1981 hostes
1225 1904 1600 1961 habeamus.-
1637 1924 1831 1975 neque
1866 1902 2214 1960 consultum

259 1982 349 2037 sit
377 2000 693 2043 armorum
725 1996 906 2033 usum
939 1978 1223 2033 omnibus
1293 1978 1599 2030 romiscue
1630 1972 1981 2038 concedere,
2020 1990 2095 2026 ne
2131 1967 2219 2023 ad

260 2048 600 2106 seditiones
650 2056 835 2119 atque
879 2047 1179 2101 intestina
1272 2042 1400 2098 ella
1447 2044 1835 2098 abutantur-2
1868 2042 1965 2095 sin
2000 2046 2213 2094 autem

265 2136 582 2173 armorum
628 2114 1008 2171 tractatione
1054 2113 1248 2168 simul
1293 2111 1577 2166 omnibus
1610 2109 2047 2173 interdicitur,
2104 2106 2213 2159 im·

266 2184 431 2309 lidie
465 2194 650 2257 atque
675 2183 1036 2256 imperitum
1063 2180 1292 2253 vulgus
1321 2178 1574 2234 auxilia
1600 2176 2053 2250 imperantibus
2076 2174 2217 2227 mit-

299 2270 372 2309 θη
405 2288 424 2309 ο
2208 2248 2217 2265 ¹

389 2349 464 2407 L.
513 2359 928 2430 Utilissimum
981 2358 1183 2431 igitur
1229 2354 1348 2427 erit
1393 2371 1475 2408 ex
1515 2352 1686 2411 omni
1724 2365 1979 2404 numero
2017 2340 2219 2415 deligi
2276 2358 2575 2429 &sssum

263 2424 482 2483 robore
516 2430 788 2498 corporis
825 2424 1106 2492 validos,
1143 2420 1543 2492 facultatum
1580 2420 1821 2488 inopes,-
1878 2423 2061 2486 atque
2104 2410 2219 2465 hos
2243 2432 2413 2479 amis
2431 2444 2569 2479 „ma

266 2498 544 2552 exerceri
575 2500 642 2551 in
674 2498 889 2559 armis,
925 2494 1186 2566 reliquis
1217 2489 1500 2546 omnibus
1532 2486 1802 2541 militiae
1832 2483 2217 2561 vacationem
2243 2498 2411 2551 muti,
2482 2500 2489 2505 ·

267 2562 434 2619 dari.
507 2565 606 2619 Ita
646 2572 705 2618 et
745 2563 899 2619 belli
931 2572 995 2619 et
1025 2563 1198 2630 pacis
1231 2567 1400 2614 artes
1428 2555 1655 2611 melius
1686 2550 2086 2613 excolentur,
2127 2544 2222 2601 d»-

271 2634 418 2687 visis
447 2632 610 2685 inter
647 2632 802 2685 cives
838 2624 1100 2701 officiis,
1140 2638 1232 2692 et,
1273 2645 1457 2700 quam
1532 2623 1743 2697 uisque
1770 2622 2066 2687 Spartam
2106 2632 2216 2668 na·

267 2708 406 2755 etus
421 2698 650 2769 fuerit,
687 2701 1072 2755 continenter
1103 2706 1422 2753 ornatur-o.
1550 2693 1649 2747 inc
1682 2690 1938 2747 eveniet,
1976 2692 2045 2739 nt
2073 2700 2219 2750 par-5

265 2766 590 2823 horninum
618 2762 931 2835 ferocior,
988 2776 1052 2823 et
1093 2762 1451 2821 latrociniis
1489 2766 1740 2830 propter
1783 2752 2122 2815 andaciam
2160 2757 2221 2803 et

267 2834 548 2909 inopiam
585 2833 836 2899 dedita,
885 2835 1048 2890 citra
1090 2829 1457 2903 cujusquam
1503 2825 1809 2899 injuriam
1850 2821 2102 2904 alaturz
2158 2824 2221 2871 et

269 2908 495 2960 ceteris
531 2923 651 2959 non
671 2904 766 2958 -ab
791 2903 890 2957 his
918 2902 1220 2958 securitas
1253 2894 1436 2953 modo
1467 2896 1579 2959 sit,
1626 2891 1735 2949 sed
1776 2899 1969 2946 ettam
2009 2886 2222 2943 adver·

271 2990 376 3029 sus
411 2984 700 3029 externos
733 2971 940 3026 hostes
973 2964 1383 3045 praesidium.
1658 2974 1667 2981 ·

394 3070 496 3129 Ll-
544 3080 678 3135 Jam
709 3076 950 3151 pridem
975 3062 1173 3131 sentio
1202 3079 1262 3127 te
1286 3072 1668 3140 exspectare,
1703 3080 1853 3135 quos
1879 3062 1997 3117 sim
2026 3066 2222 3115 osten·
2282 3056 2503 3111 Pecunia

269 3168 454 3209 surus
481 3148 755 3205 reditus,
791 3143 1168 3199 immanibus
1202 3138 1489 3211 expensis
1520 3150 1725 3205 parm,
1798 3129 2037 3187 Idcirco
2065 3125 2223 3181 mihi
2246 3128 2379 3177 unde
2406 3144 2531 3177 com-

269 3216 686 3295 praefandum
739 3212 852 3268 hoc
897 3212 1033 3267 loco
1081 3218 1199 3274 est,
1251 3204 1496 3261 nullam
1535 3198 1920 3269 reipublicae
1941 3194 2221 3266 formam
2243 3194 2519 3267 paranda.

273 3304 488 3343 carere
515 3282 773 3358 pecunia
801 3298 998 3351 posse,
1035 3279 1184 3351 quin
1211 3274 1294 3330 ad
1325 3274 1559 3337 omnia,
1595 3286 1753 3343 quae
1785 3264 2033 3346 agenda
2055 3268 2221 3327 sunt,

272 3354 374 3409 his
419 3353 614 3409 veluti
657 3350 854 3403 nervis
899 3354 1256 3403 moveaturt
1304 3359 1379 3396 ne
1419 3340 1811 3408 principatus
1853 3348 2038 3389 unius
2068 3328 2225 3384 haec

274 3439 404 3477 esse
432 3426 720 3494 putetur,
760 3424 876 3471 aut
905 3415 1243 3486 praecipua
1277 3408 1538 3465 invidia.
1630 3407 1911 3460 Ceterum
1945 3399 2045 3455 hic
2076 3415 2223 3481 quo·

278 3504 394 3573 que
433 3488 666 3561 partim
742 3492 966 3539 ortuna
1011 3490 1122 3536 tua
1164 3476 1464 3552 prouidit,
1519 3474 1755 3547 partim
1777 3466 2223 3553 ’providebitur
2276 3483 2297 3502 ·

269 3555 608 3613 industria.
775 3551 950 3607 ultae
984 3557 1130 3605 sunt
1162 3568 1242 3603 ex
1271 3543 1553 3600 omnibus
1580 3537 2005 3606 superioribus
2040 3533 2225 3589 bellis

273 3624 681 3699 possessiones
705 3619 1015 3691 publicae.
1056 3635 1135 3671 ex
1163 3614 1258 3669 his
1283 3630 1504 3687 sepone
1532 3624 1767 3683 paucas
1790 3603 2057 3662 maximi
2070 3619 2224 3656 usus

260 3694 562 3768 suturas.-
607 3698 844 3745 ceteras
889 3686 1093 3741 venire
1128 3680 1301 3755 jube.
1351 3678 1685 3751 pecuniam
1732 3692 1926 3748 aequo
1958 3671 2224 3743 foenore

175 3781 192 3792 ³
276 3758 458 3817 cr‘ede
484 3756 604 3824 his,
642 3757 749 3828 qui
778 3772 988 3809 cavere
1015 3750 1246 3823 populo
1315 3754 1584 3805 oterunt.
1654 3746 1759 3801 Sic
1790 3747 1852 3797 et
1881 3747 2049 3795 terra
2200 3768 2224 3783 ·

274 3830 432 3883 viter
464 3826 750 3889 exculta,
800 3820 1070 3877 dominis
1098 3837 1249 3891 prae
1297 3820 1500 3873 iorum
1530 3810 1990 3885 praesentibus,
2032 3825 2067 3862 a
2115 3824 2229 3859 ων,

275 3894 596 3952 dantiores
628 3912 699 3949 ac
730 3907 1026 3965 perennes
1050 3888 1434 3959 reipublicae
1456 3882 1712 3959 fructus
1743 3878 2017 3953 adferet.-
2056 3881 2119 3932 et
2142 3890 2225 3930 ea:
2300 3900 2305 3909 ·

345 4070 493 4141 Cap.
523 4068 619 4123 LI.
658 4070 796 4123 Tac.
828 4066 984 4123 Ann-
1009 4068 1059 4135 6,
1099 4082 1181 4135 ¹7·
1231 4061 1370 4117 Dio.
