2892 4684
618 279 742 347 420
782 264 2621 337 FREINSH.SUPPLEMENTORUMmunxxxvm.

342 514 357 531 ·
374 492 427 529 c·
447 495 572 548 ⁴7¹0·
625 482 725 540 dos
756 498 924 559 usque
954 496 1011 537 et
1040 475 1278 539 Parthos
1314 476 1564 540 auxiliis.
1653 474 1950 537 Praeterea
1985 495 2202 539 tantum
2235 500 2262 536 e
2285 472 2488 561 fronte
2511 476 2621 539 ha-

342 548 441 603 ·C·
460 550 546 614 4²·
626 560 810 621 bemus
846 558 1068 637 bostem.-
1126 556 1244 617 illis
1284 580 1437 642 terga
1471 579 1678 639 quoque
1713 561 1894 617 intuta
1918 558 2090 640 sicut,
2141 561 2310 621 Sexto
2341 559 2624 621 obtinente

598 640 869 705 'Siciliam
889 682 905 714 ,
952 640 1163 701 Murco
1196 660 1257 701 ac
1282 642 1536 703 Domitio
1569 640 1918 723 Adriaticum
1955 639 2334 703 claudentibus
2361 660 2532 701 mare.

298 777 375 832 Ee
396 778 573 830 omnis
747 770 981 834 XXIV.
1042 770 1205 855 Qid
1226 772 1353 851 jam
1394 770 1464 830 de
1499 773 1774 853 pecuniis,
1833 790 1968 853 quas
2020 769 2287 833 bellorum
2337 763 2619 853 adpellari

250 848 463 917 generis
488 845 587 897 ’δ’
628 875 825 915 nervos
866 852 1093 931 audistis
1118 897 1135 927 ,
1197 852 1394 933 loquar
1413 852 1443 911 ?
1513 849 1676 935 ‚Quas
1718 852 1808 911 illi
1845 852 2061 933 quidem
2088 852 2304 934 semper
2343 872 2624 934 quaerunt

246 926 541 986 P”““”'·
618 934 936 1019 sceleribus,
969 932 1185 1015 semper
1224 932 1525 1013 effundunt
1553 933 1833 1017 flagitiis:
1876 952 1929 994 et
1963 937 2022 993 in
2059 934 2234 994 media
2271 936 2466 1015 rapina
2495 957 2524 995 e
2560 958 2624 994 e-

630 1028 691 1079 ni
712 1055 730 1091 ,
788 1036 853 1077 ne
892 1034 956 1074 ue
994 1015 1383 1097 proscriptione
1424 1012 1818 1096 locupletiffi'mi
1859 1016 2154 1095 cujusque,
2217 1036 2386 1097 neque
2413 1014 2517 1099 sub
2592 1051 2624 1068 «-

618 1036 948 1179 stationibus
967 1138 984 1169 ,
1030 1116 1200 1179 neque
1231 1092 1459 1156 tributis
1478 1138 1495 1170 ,
1538 1116 1637 1156 aut
1669 1093 1800 1156 ullo·
1821 1096 1950 1157 deni
1987 1118 2052 1155 ue
2080 1097 2320 1157 crudelis
2349 1100 2626 1157 avaritiae

631 1181 845 1262 ingenio
880 1177 1187 1259 replentur.
1272 1179 1351 1238 At
1386 1198 1485 1237 nos
1518 1178 1615 1238 diu
1645 1198 1771 1237 ante
1803 1118 2030 1255 honestis
2061 1177 2348 1259 probisque
2380 1182 2622 1239 rationi-

631 1260 732 1322 bus
773 1260 1146 1341 providimus,
1205 1276 1271 1318 ut
1318 1277 1371 1317 et
1414 1279 1557 1319 stunc
1583 1261 1886 1342 suppetant
1925 1262 2102 1319 omnia
2138 1260 2408 1343 largiter,
2468 1278 2522 1319 et
2557 1264 2622 1320 itt

628 1340 898 1425 posterum
934 1344 1147 1400 minime
1170 1338 1290 1419 siut
1323 1338 1613 1419 defutura.
1702 1342 2044 1402 Commeatus
2077 1338 2300 1423 insuper
2339 1338 2490 1401 nullo
2517 1361 2622 1401 ne·-

624 1426 779 1505 gotio
818 1444 885 1480 ex
919 1424 1215 1502 provinciis
1252 1442 1309 1480 et
1344 1419 1536 1502 insulis
1558 1464 1576 1495 ,
1637 1441 1900 1505 quotquot
1939 1420 2226 1482 Thraciam
2269 1442 2325 1482 et
2357 1420 2625 1503 Euphra-

634 1522 741 1564 tem
778 1504 1105 1581 interjacent
1126 1544 1143 1576 ‚
1204 1502 1433 1563 navibus
1457 1501 1810 1583 subvehetur.
1883 1500 2000 1563 illis
2042 1524 2111 1562 ex
2143 1502 2476 1563 Macedonia
2512 1524 2628 1563 nan

618 1582 969 1669 fertiliffi'ma
987 1584 1227 1668 frugum
1254 1584 1480 1665 petendi
1509 1604 1696 1660 erunt,
1740 1578 1796 1643 et'
1820 1606 1848 1643 e
1875 1582 2164 1664 Theffaliae
2179 1582 2468 1667 feracibus
2565 1587 2624 1644 i-

631 1669 786 1740 dem,
824 1663 929 1747 fid
960 1670 1172 1748 exiguis
1206 1670 1392 1726 arvis.-
1449 1682 1732 1745 praeterea
1770 1664 2020 1743 terrestri
2057 1668 2254 1725 itinere
2285 1685 2454 1725 erunt
2478 1604 2646 1747 ἴῃ-.

670 1746 933 1819 ortandi,
981 1766 1139 1826 quam
1200 1750 1322 1807 citis
1357 1744 1459 1827 effe
1494 1767 1608 1806 rem
1641 1747 1796 1829 longe
1833 1749 2056 1806 maximi
2091 1742 2294 1807 laboris
2333 1766 2388 1806 et
2413 1767 2617 1807 morae.

625 1762 786 1888 qvam
804 1824 866 1907 si
892 1830 1027 1907 quid
1058 1848 1129 1886 ex
1194 1827 1359 1899 talia,
1406 1846 1508 1887 aut
1538 1829 1736 1911 Africa
1775 1827 1959 1889 volent
1996 1827 2304 1970 exspectare
2320 1870 2340 1901 ,
2365 1826 2621 1909 Pompe.

613 1909 731 1989 jus,
760 1928 814 1972 et
850 1928 969 1967 cum
1003 1906 1351 1971 Ahenobarbo
1392 1910 1638 1971 Murcus
1677 1908 1959 1974 vetabunt.
2093 1909 2200 1969 nde
2227 1906 2332 1989 fiet
2348 1952 2367 1982 ‚
2421 1928 2486 1968 ut
2525 1908 2619 1969 illi

626 1989 1044 2071 necessariarum
1078 2011 1269 2051 rerum
1309 1996 1491 2073 inopia
1511 1990 1706 2073 fizcere
1734 1990 2014 2052 interdum
2032 2033 2051 2062 ,
2093 1992 2241 2073 quod
2271 1990 2448 2051 nolint
2463 2031 2482 2063 ,
2523 2010 2614 2050 co-

616 2091 869 2155 gantur,-
933 2070 1085 2132 nobis
1124 2094 1195 2133 ex
1233 2072 1502 2133 commodo
1539 2073 1719 2153 nostro
1757 2091 1858 2133 out
1890 2090 2172 2133 maturare
2191 2114 2210 2147 ,
2263 2090 2362 2133 aut
2397 2070 2615 2133 trabere

624 2152 827 2214 bellum
862 2157 921 2213 in
956 2172 1213 2235 prompm
1231 2150 1332 2235 sit.

316 2296 497 2353 cassii
512 2308 564 2350 ee
748 2280 957 2345 XXV.
987 2284 1097 2347 'Ite
1132 2289 1155 2345 i
1200 2288 1309 2346 'tur
1342 2286 1581 2359 alacres,·
1623 2290 1700 2347 ite
1723 2284 1822 2371 spe
1856 2284 1994 2347 bona
2027 2283 2194 2367 pleni.
2239 2304 2362 2345 nam
2389 2301 2621 2365 praeter

247 2366 421 2421 Bruti
452 2366 601 2447 miff-
628 2387 723 2440 ea,
770 2382 903 2447 quae
938 2368 1057 2441 jam
1093 2306 1405 2447 affepistis,
1453 2388 1508 2427 et
1544 2367 1673 2427 olim
1709 2372 1970 2429 victoriae
2006 2366 2178 2447 cauffiz
2215 2362 2458 2445 promiffiz
2493 2386 2618 2427 cum

246 2448 327 2489 θ’*
356 2436 566 2517 ‘¹⁰⁸¹“3‘
621 2444 738 2526 fide
771 2444 1137 2531 exsolvemus,
1184 2468 1272 2522 et,
1316 2470 1419 2529 quo
1459 2454 1638 2509 minus
1674 2471 1770 2510 vos
1791 2453 2064 2530 poeniteat
2095 2450 2326 2529 optimae
2353 2446 2617 2508 volunta-

242 2518 548 2625 ”3'25‘m‘
629 2533 737 2601 tis,
800 2526 1099 2609 praesentes
1143 2533 1202 2589 in
1248 2531 1474 2592 militem
1520 2532 1773 2591 denarios
1813 2550 2026 2591 centum
2064 2534 2304 2611 quinqua
2339 2531 2457 2588 inta
2475 2570 2494 2603 ,
2557 2534 2619 2589 in

244 2589 285 2641 p
311 2588 347 2623 ⁸
410 2604 429 2623 ⁶
627 2614 855 2669 cenem-ic
874 2630 966 2669 nes
999 2609 1366 2691 quintuplum,
1411 2633 1467 2672 et
1498 2614 1556 2670 in
1588 2610 1838 2673 tribunos
1873 2628 1977 2693 pro
2005 2614 2256 2693 portione
2285 2549 2613 2671 ‹fividemun

626 2690 842 2786 Quum
882 2690 958 2750 ad
998 2688 1158 2754 haec
1198 2692 1416 2755 multis
1454 2694 1922 2778 imperatorum
1961 2693 2256 2755 laudibus
2296 2705 2361 2754 et
2394 2688 2617 2754 testifi-

624 2772 878 2835 catione
920 2768 1265 2835 studiorum
1356 2773 1798 2858 erssreperent
1838 2774 2148 2847 ordines,
2195 2770 2393 2835 statim
2432 2772 2616 2857 posi-

620 2866 725 2916 tae
760 2874 1021 2915 mensae
1052 2868 1237 2927 sunt,
1345 2855 1804 2940 onativumque
1849 2856 2266 2919 distributum
2289 2896 2306 2927 ,
2373 2870 2440 2915 et
2475 2854 2617 2915 for-

620 2936 859 2997 tiss'imo
898 2933 1153 3018 cuique,
1196 2951 1536 3019 praetextu
1575 2940 1892 3021 quaesito,
1941 2934 2354 3020 superaddita
2391 2955 2617 2997 mune-

620 3036 732 3079 ra:
791 3016 918 3079 hoc
957 3032 1213 3079 servato
1253 3018 1526 3093 ordine,
1590 3032 1694 3091 ut,
1756 3020 1948 3081 simul
1989 3032 2180 3101 atque
2216 3016 2374 3079 adce
2428 3014 2618 3078 iffent

624 3098 825 3239 aliani
851 3141 868 3171 ,
930 3099 1278 3161 Doriscum
1327 3098 1944 3183 praemitterentur,
2007 3120 2198 3196 quem
2260 3098 2338 3159 ad
2426 3118 2614 3161 ocum

621 3198 709 3261 po
768 3200 949 3320 relmo
1001 3180 1432 3263 imperatores
1491 3181 1620 3267 ipsi
1673 3202 1818 3245 cum
1869 3178 2130 3244 modico
2183 3181 2490 3243 comitatu
2541 3198 2614 3243 se
2695 3222 2699 3240 .

624 3276 822 3321 contu
852 3275 1063 3321 erunt.

318 3404 561 3477 Aquilae
746 3392 981 3455 xxvt.
1028 3396 1097 3455 In
1137 3394 1263 3456 hoc
1306 3393 1547 3456 itinere
1591 3410 1731 3456 rem
1778 3390 2086 3459 adoidiss'e
2123 3394 2614 3467 memorabilem

246 3491 572 3547 prosequim-
626 3472 870 3543 ferunt,
903 3496 1258 3558 magnaque
1282 3478 1568 3537 omnium
1589 3477 1916 3539 alacritate
1939 3476 2351 3539 celebratam.
2399 3475 2614 3561 Quum

248 3556 350 3613 “Y
374 3556 587 3625 agmen·
622 3552 979 3639 primarum
1018 3556 1345 3639 legionum
1384 3559 1569 3640 signa
1607 3557 2004 3619 efferrentur
2039 3553 2294 3628 cestrie,
2339 3556 2508 3617 duae
2547 3578 2615 3617 a·

246 3610 430 3733 ss'mf‘.
469 3623 519 3663 '⁸
677 3639 843 3721 uilae
880 3658 959 3699 ex
988 3634 1451 3701 altodemiss'ae
1485 3635 1756 3701 totidem
1789 3652 2128 3721 argenteas
2157 3634 2403 3721 aquilas
2435 3638 2616 3699 inse·

292 3696 379 3734 “⁸
404 3694 450 3732 ⁸⁰
626 3658 898 3791 gerunt,
943 3732 1366 3803 protegentes
1404 3720 1559 3789 alis,
1605 3734 1672 3783 et
1706 3721 1923 3783 volatu
1959 3726 2310 3803 sequentes
2347 3737 2616 3803 agmen:

620 3816 1249 3944 permanseruntque
1289 3802 1527 3864 multos
1570 3802 1712 3864 dies
1737 3846 1753 3872 ‚
1796 3798 1956 3880 juss'u
1993 3798 2458 3885 imperatorum
2491 3823 2617 3884 pu-

670 3883 811 3943 lice·
829 3882 1013 3944 altae.
1081 3880 1279 3943 Bidui
1321 3880 1560 3945 deinde
1595 3886 1834 3945 itinere
1870 3884 2016 3945 sinu
2047 3878 2299 3943 Melane
2336 3882 2616 3944 circum·

622 3964 718 4024 ito
742 4005 759 4037 ,
812 3966 1071 4025 tAenum
1094 4007 1111 4039 ,
1170 3979 1361 4049 atque
1399 3963 1554 4025 inde
1591 3966 1940 4028 Doriscum
1975 3971 2454 4049 pervenerunt,
2511 3962 2617 4028 lo·

690 4108 843 4223 Cap..
870 4148 1082 4209 xxvl.
1122 4148 1276 4207 Plut.
1310 4159 1371 4205 et
1400 4149 1656 4226 Appinu.
1691 4149 1951 4227 Appiani.
1986 4146 2348 4213 Heroden-1.
2367 4168 2426 4223 7.
