2892 4684
666 216 789 280 208
840 215 1246 281 FREINSH.
1274 205 2124 278 SUPPLEMENTORUM
2143 207 2577 275 nmmum.

327 421 399 478 Π·
432 439 631 494 ⁰·707·
667 423 996 498 confisus,
1062 422 1369 508 parcebat
1424 419 1746 480 militibus
1801 416 1978 493 suis,
2048 418 2237 515 prius
2298 417 2674 482 existimans

324 491 401 548 A·
431 492 500 548 c·
530 493 621 562 4⁵·
668 507 995 578 futurum,
1064 519 1135 567 ut
1192 501 1468 585 frigoris
1526 501 1936 565 vehementia
1991 499 2336 570 desisteret
2382 503 2668 576 Caesar,

670 597 865 673 quam
894 593 1139 670 Ategua
1178 599 1545 669 caperetur.
1633 569 1766 646 Sed
1789 625 1806 656 ,
1851 583 1968 644 illo
1999 582 2401 667 pertinacius
2431 583 2672 647 inflan-

664 685 775 746 te,
824 689 969 731 cum
1010 669 1304 730 exercitu
1338 665 1573 728 eodem
1609 664 1953 750 profectus
1991 661 2102 726 est.

361 792 557 847 Eodem
575 805 628 848 et
789 793 1020 857 xle.
1076 791 1275 853 Multa
1324 791 1501 854 forte
1549 789 1797 853 castella
1847 786 1916 850 in
1971 787 2314 852 adventum
2359 789 2506 869 ejus
2549 809 2668 851 ex-

306 859 593 943 P’QP‘J'„
666 873 979 939 struxerat
1030 875 1305 948 Caesar,
1378 887 1452 934 ut
1499 894 1536 934 e
1588 874 1786 935 uitum
1834 871 2258 956 peditumque
2295 870 2668 957 ¹praesidiis

305 943 475 985 “⁸⁸⁸⁹
666 957 1041 1020 venientem
1084 969 1362 1017 arceret.
1448 895 1585 1017 Se}
1627 956 1803 1017 sorte
1841 953 2118 1026 accidit,
2174 967 2280 1026 ut,
2326 973 2456 1038 quo
2497 967 2668 1016 tem-

666 1059 835 1122 pore
868 1037 1219 1121 Pompeius
1264 1037 1561 1111 veniret,
1625 1037 1744 1098 sub
1791 1051 2004 1098 ortum
2045 1035 2180 1097 diei
2215 1036 2450 1098 nebula
2485 1055 2667 1098 cras-

668 1121 902 1183 siss'ima
948 1121 1201 1183 coelum
1241 1133 1520 1203 tegeret.
1597 1119 1800 1202 igitur
1840 1139 1921 1180 eo
1957 1118 2216 1179 facilius
2255 1132 2322 1180 et
2359 1119 2670 1202 perrupit

594 1211 603 1225 '
666 1203 961 1264 Caesaris
1006 1201 1365 1286 praesidia,
1429 1215 1498 1262 et
1548 1202 1784 1261 multos
1838 1200 1976 1280 ejus
2035 1219 2071 1260 e
2123 1199 2292 1261 uites
2346 1201 2660 1261 concidit.

662 1285 995 1366 Legiones
1025 1283 1287 1344 omnino
1310 1283 1587 1345 habehat
1611 1283 1965 1343 tredecim:
2014 1303 2084 1342 se
2147 1323 2164 1354 ,
2211 1279 2448 1364 quibus
2473 1301 2668 1366 prae-

664 1369 857 1448 cipue
896 1361 1291 1436 confideret,
1349 1363 1514 1425 duae
1551 1376 1734 1426 erant
1768 1365 2190 1433 vernaculae,
2283 1385 2404 1424 uae
2435 1385 2467 1424 a
2495 1368 2664 1426 Tre-

657 1446 863 1509 ·bonio
898 1445 1419 1529 transfugerant3
1467 1467 1592 1508 una
1631 1444 1798 1507 facta
1839 1465 1917 1507 ex
1954 1445 2232 1506 coloniis
2335 1447 2663 1542 ispaniae;

660 1551 787 1590 una
826 1528 1181 1588 Afraniana
1226 1547 1307 1590 ex
1336 1526 1601 1601 Africa,
1664 1549 1851 1612 quam
1897 1548 2118 1590 secum
2157 1529 2510 1610 PompeJus
2552 1528 2665 1589 ad-

665 1611 959 1671 duxerat.
1034 1608 1327 1693 reliquae
1388 1607 1755 1671 constabant
1807 1630 1887 1670 ex
1939 1608 2280 1692 fugitivis,
2345 1629 2426 1670 ne
2479 1611 2662 1694 ipsae

664 1691 928 1774 quidem
969 1690 1156 1774 plane
1196 1693 1745 1766 contemnendae,
1804 1713 2000 1775 quum
2040 1705 2336 1772 quartum
2377 1691 2500 1771 jam
2548 1713 2662 1752 an-

662 1795 817 1833 num
854 1773 1155 1858 plerique
1192 1771 1457 1835 fuill'ent
1496 1774 1793 1834 in'armis
1829 1773 2124 1846 exerciti,
2169 1771 2660 1857 projectamque

662 1855 1003 1918 adferrent
1050 1855 1129 1916 ad
1175 1855 1429 1938 proelia
1470 1855 1821 1918 audaciam.

318 1967 645 2024 LMunaeeiff
788 1962 988 2027 XLV.
1035 1965 1263 2057 Neque
1297 1974 1506 2024 tamen
1541 1984 1735 2025 ausus
1771 1959 1859 2023 est
1892 1961 2190 2025 subsidio
2221 1961 2449 2026 venire
2477 1959 2609 2022 suis
2631 1983 2650 2022 ε

162 2045 169 2052 ’
286 2041 623 2110 fiunem&
668 2057 949 2114 tantum,
1008 2064 1159 2126 quia
1198 2042 1362 2104 duce
1394 2063 1624 2108 carere
1653 2046 2066 2128 Ateguenses
2103 2057 2530 2129 cognoverat,
2575 2045 2653 2104 L.

666 2126 1025 2188 Munatium
1059 2125 1361 2186 Flaccum
1402 2126 1602 2188 misit.
1686 2131 1770 2200 Is,
1815 2147 1889 2187 se
1923 2127 2322 2189 Julianarum
2353 2125 2655 2209 partium,

596 2257 601 2260 .
672 2221 741 2268 et
783 2206 1031 2268 tribuni
1082 2206 1587 2268 cornicularium
1641 2209 1771 2271 effe
1825 2209 2168 2280 simulans,
2231 2223 2430 2270 noctu
2477 2207 2656 2268 solus

670 2288 909 2372 vigiles
942 2286 1255 2372 quosdam
1284 2287 1482 2362 adiit,
1525 2304 1844 2376 tamquam
1883 2289 2102 2351 miss'us
2140 2289 2218 2351 ad
2249 2291 2658 2352 circumeun-

674 2371 787 2431 das
826 2370 1163 2431 excubiasz
1221 2390 1255 2429 a
1297 2370 1532 2453 quibus
1575 2387 1840 2468 accepta
1879 2371 2148 2445 tess'era,
2195 2371 2358 2434 alios
2399 2371 2654 2443 fallens,

670 2453 835 2513 alios
884 2451 1169 2522 evitans,
1222 2473 1257 2512 a
1294 2449 1633 2534 postremis
1675 2467 1870 2514 etiam
1906 2452 2259 2525 deductus,
2307 2453 2654 2536 quibus.se

666 2535 921 2595 miffum
948 2553 983 2592 a
1004 2535 1283 2595 Caesare
1318 2529 1398 2594 ad
1434 2535 1880 2618 recipiendum
1919 2555 2041 2619 per
2067 2533 2506 2619 proditionem
2539 2554 2657 2617 op-

669 2615 893 2711 pidum
934 2628 1390 2698 persuaserat,
1451 2637 1573 2700 per
1609 2617 1854 2678 medias
1905 2617 2044 2699 ejus
2091 2616 2312 2700 copias
2343 2619 2656 2712 Ateguam

668 2698 992 2779 iuga-effus
1027 2695 1135 2757 est.
1220 2697 1597 2780 Pompeius,
1643 2699 1931 2762 incensis
1965 2713 2158 2761 nocte
2196 2693 2440 2770 castris,
2483 2711 2657 2759 inter

656 2779 944 2841 ‘Ucubim
975 2792 1041 2841 et
1064 2781 1377 2862 Ateguam
1410 2780 1480 2839 in
1513 2782 1837 2843 montibus
1867 2781 2203 2843 consedit=
2247 2799 2418 2853 mox,
2463 2779 2658 2841 etiam

670 2859 785 2922 his
818 2861 1107 2922 incensis
1148 2859 1405 2933 castris,
1451 2861 1814 2924 Cordubam
1855 2863 2143 2925 intendit
2174 2862 2324 2923 iter.
2401 2865 2656 2922 interea

672 2963 867 3026 quum
902 2943 981 3004 ad
1014 2943 1355 3004 Caesarem
1377 2943 1735 3026 Arguetius
1767 2948 1876 3023 (an
1899 2941 2295 3022 Aruntius¹2)
2323 2957 2388 3004 et
2409 2945 2657 3026 Aspre-

668 3045 787 3087 nas
827 3025 1170 3096 venill'ent,
1228 3041 1504 3108 quorum
1549 3025 1664 3087 ille
1714 3027 1896 3108 signa
1951 3027 2238 3110 quinque
2284 3023 2658 3106 Saguntinis

670 3107 887 3170 obiter
922 3105 1217 3188 adempta
1252 3106 1600 3178 retulerat,
1645 3107 1910 3190 longius
1951 3108 2212 3191 evagari
2249 3107 2544 3169 Caesaris
2585 3126 2657 3166 e-

670 3189 887 3270 quites
944 3201 1342 3272 coeperunt,
1403 3202 1471 3252 et
1515 3209 1672 3261 eos,
1737 3189 1852 3275 qui
1897 3203 2291 3253 commeatus
2335 3187 2417 3250 ad
2459 3185 2658 3251 castra

668 3270 970 3357 Pompeii
1006 3269 1359 3343 vehebant,
1406 3271 1736 3355 excipere.
2117 3289 2128 3308 ²

346 3386 613 3460 Ejusdem
791 3378 1026 3444 XLVI.
1072 3377 1203 3440 Sed
1224 3419 1243 3450 ,
1291 3377 1403 3462 qui
1436 3378 1505 3439 in
1537 3377 1874 3462 praesidio
1905 3377 2195 3461 Ateguae
2227 3388 2435 3450 erant,
2477 3375 2660 3438 fero·

308 3457 613 3511 mleh'tss
674 3459 843 3524 citer
876 3460 1357 3543 repugnabant,
1399 3481 1532 3521 non
1570 3461 1752 3522 ferro
1786 3473 2054 3530 tantum,
2101 3459 2216 3521 sed
2255 3459 2446 3526 etiam
2481 3457 2657 3541 igne,

311 3525 643 3598 ‘’A“SW'·
671 3565 794 3629 per
834 3542 1048 3605 omnia
1089 3542 1349 3624 ingenia
1385 3542 1722 3614 mittendi,
1771 3557 1844 3602 se
1882 3554 2177 3602 tuentes:
2243 3541 2453 3604 donec
2498 3558 2666 3602 sem-

308 3612 417 3650 δ”·
670 3646 795 3711 per
832 3645 976 3688 cum
1012 3621 1247 3684 damno
1285 3625 1538 3706 repulsi
1579 3624 1740 3685 iram
1778 3635 2116 3684 verterunt
2149 3623 2218 3684 in
2257 3621 2664 3706 oppidanos,

671 3707 785 3795 qui
819 3706 1083 3772 Caesari
1126 3705 1351 3766 favere
1390 3703 1863 3785 credebantur3
1919 3723 2044 3767 nec
2085 3704 2268 3790 ipsos
2311 3703 2508 3766 modo
2548 3721 2660 3766 oc·

2393 3781 2577 3850 cide·

736 3977 884 4048 Cap.
915 3975 1119 4033 xmv.
1165 3975 1422 4051 Appiau.
1499 3978 1648 4052 Cap·
1679 3973 1856 4034 va.
1893 3978 2032 4036 Dio.
2072 3976 2348 4033 Frontin.
2383 3977 2566 4034 strat.
2595 3977 2654 4046 8,

665 4046 953 4173 zlapi&
982 4047 1191 4174 BAoufit⁸⁸
1189 4045 1299 4191 1:01⁰
1338 4047 1506 4122 Hisp.
1599 4051 1748 4126 Cap.
1782 4048 1981 4112 XLVI.
2033 4047 2171 4110 val.
2198 4047 2353 4105 Max.
2389 4067 2461 4118 9,
2493 4066 2546 4105 a·
2591 4055 2656 4103 et
