2892 4684
646 280 737 347 m
775 279 1081 346 uocum
1121 281 1283 343 [ΛΒ.
1330 279 1551 345 cxm.
1597 278 1827 349 mvn.
2051 244 2056 253 ’
2117 282 2238 364 259

234 418 1301 457 ......--—------—---

225 491 365 553 mia
420 490 906 561 exsoluturum‚
968 488 1127 549 lieet
1170 488 1407 549 nullam
1451 487 1538 549 ob
1578 446 2012 555 necessariam
2049 512 2230 557 caus·
2291 488 2366 548 U·
2397 510 2454 549 c·
2479 480 2606 562 ⁴763.

230 592 372 637 sam
422 590 534 643 se,
598 571 857 654 reliquo
896 569 1105 633 adhuc
1138 570 1353 643 bello,
1418 570 1897 637 deserentibus.
1985 574 2115 638 Sed
2165 590 2232 639 et
2291 562 2457 619 A..C.
2487 569 2578 633 47·

228 674 431 740 agros
472 652 838 715 divisurum
877 672 1036 739 pace
1066 650 1352 714 restituta
1372 696 1391 725 ‚
1434 654 1570 713 Non
1594 654 1834 735 exemplo
1861 656 2046 717 Sullae
2068 701 2085 729 ,
2131 658 2230 719 in..

232 738 382 821 quit
402 777 419 808 ,
469 738 747 815 ademptos
780 734 928 808 aliis,
974 756 1173 815 vosque
1202 735 1484 814 prtort'bus
1519 734 1754 795 dominis
1791 737 2130 818 immifiendo
2160 740 2236 800 ad

226 836 531 901 perpetuas
559 818 871 877 inimicitias
892 859 907 889 ‚
944 816 1049 899 fid
1068 858 1083 888 ,
1126 834 1233 899 qua
1268 816 1516 899 publicus
1532 858 1548 889 ,
1593 834 1766 899 quave
1791 838 1938 878 meus
1966 840 2096 903 ager
2123 821 2229 899 cst,

232 898 559 982 adsignabv,
620 916 727 969 et‚·
756 900 903 978 quod
940 899 1152 968 deerit,
1212 916 1242 953 a
1278 898 1584 957 volentibus
1621 918 1809 959 emam.
1894 902 1980 962 Et
2022 902 2234 965 adsuit

232 972 430 1044 dictis
466 979 652 1041 fides.
710 980 1023 1062 pecuniae
1054 993 1304 1063 partem
1333 982 1872 1063 repraesentavit,
1907 984 2234 1071 reliquum

236 1062 541 1125 daturum
576 1062 740 1123 dixit
768 1064 991 1145 paullo
1024 1060 1162 1145 post
1200 1080 1345 1122 cum
1381 1062 1682 1124 foenore.

358 1172 440 1229 L.
486 1168 730 1227 Plausu
765 1167 1049 1228 omnium
1078 1166 1237 1230 hae'c
1270 1182 1541 1251 excepta
1571 1190 1764 1253 quum
1789 1168 2070 1243 fuiss'ent,
2116 1172 2230 1235 de.
2289 1182 2590 1252 Dumna

234 1252 491 1315 cumani
540 1248 959 1328 moerebant,
1022 1250 1150 1311 sibi
1188 1250 1564 1313 nominatim
1605 1255 1837 1311 iratum
1880 1251 2228 1336 imperato-
2253 1265 2588 1314 recusa-em

234 1354 379 1395 rem
422 1332 577 1394 ess'e.
646 1352 858 1413 neque
898 1328 1277 1393 destiterunt
1316 1332 1674 1393 obtrudere
1713 1352 2014 1416 operam,
2075 1337 2230 1399 licet
2256 1340 2458 1393 ⁹⁸⁰0&
2486 1341 2604 1389 ⁸1⁹..

234 1429 655 1477 recusantem
694 1414 758 1472 in
792 1413 1081 1475 Africam
1122 1414 1399 1509 sequuti.
1487 1414 1616 1475 Sed
1662 1414 1808 1487 ille,
1853 1416 2232 1499 priusquam
2255 1403 2517 1461 ‘'mum'’

234 1496 817 1581 proficisceretur,
864 1516 944 1555 ex
982 1514 1157 1555 omm
1194 1514 1464 1557 numero
1501 1496 1761 1579 excepit
1793 1498 2232 1561 seditionibus

238 1578 597 1639 miscendis
628 1576 1017 1659 aptiffimos,
1065 1598 1235 1661 quos
1266 1579 1333 1637 in
1364 1578 1541 1637 ltalia
1574 1580 2015 1663 relinqueret,
2055 1582 2234 1665 agris

243 1656 451 1721 statim
494 1660 697 1731 datis,
744 1659 915 1719 unde
958 1676 1029 1719 se
1068 1660 1448 1720 tolerarent.
1539 1661 1846 1721 Ceterum
1880 1674 1946 1722 et
1980 1660 2120 1735 his,
2167 1676 2234 1725 et

250 1740 561 1825 deinceps
612 1738 948 1814 omnibus,
1010 1760 1139 1801 non
1192 1739 1538 1802 continuos
1591 1741 1954 1822 adsignavit
1999 1764 2228 1826 agros,

246 1844 331 1887 ne
368 1826 517 1907 quis
554 1821 973 1905 poll'ess'orum
1013 1823 1496 1905 expelleretur,
1543 1837 1610 1884 et
1649 1836 1720 1884 ut
1757 1824 2090 1889 distractis
2133 1828 2232 1887 ni·

238 1904 333 1966 hil
388 1910 459 1966 in
510 1906 731 1965 turbas
776 1904 1015 1965 virium
1062 1903 1261 1967 foret.
1300 1930 1307 1939 ·
1362 1906 1732 1979 Notavitet
1777 1905 2017 1979 exiis,
2063 1928 2230 1990 quos
2291 1930 2392 1985 m,
2415 1940 2595 1985 mm„

236 2007 461 2051 secum
516 1985 840 2083 ducebat,
875 1984 1325 2082 'foedissifnuui
1372 2006 1733 2082 quemque,
1799 2006 1964 2083 quos
2015 1988 2230 2072 postea
2259 2002 2604 2053 seditiosissi-

241 2069 561 2133 deductos
600 2090 665 2128 in
698 2069 991 2146 Africam
1022 2069 1337 2151 periculus
1376 2066 1652 2146 objecit,
1697 2084 1893 2131 uti-tn
1947 2090 2026 2131 ue
2057 2090 2231 2133 com·
2260 2086 2396 2120 mun·
2425 2087 2608 2137 qum.

238 2151 551 2237 pendium
606 2164 909 2234 captans,
968 2149 1348 2212 occiderent
1401 2150 1540 2222 illi,
1611 2170 1692 2210 an
1747 2150 1890 2212 occi
1939 2138 2608 2279 ετεηιιιτωῖἕὲεἵὲἱῒῧ·

239 2234 368 2328 Qui
404 2253 571 2294 vero
611 2253 839 2293 eorum
874 2253 945 2292 su
998 2230 1340 2293 erfuerunt
1367 2231 1652 2305 casibus,
1698 2253 1814 2293 eos
1844 2234 1941 2295 sic
1970 2254 2230 2321 quoque

237 2315 524 2401 praedae
564 2329 631 2377 et
667 2316 807 2396 agri
842 2312 923 2375 de
977 2313 1138 2374 inati
1176 2313 1371 2375 tertia
1405 2326 1594 2396 parte
1631 2315 1946 2377 multavit.

360 2440 465 2499 LI.
530 2440 724 2509 Nam,
787 2437 855 2496 in
908 2436 1055 2497 aliis
1108 2434 1367 2497 delictis
1420 2434 1778 2498 connivere
1832 2436 2101 2512 solitus,
2164 2450 2233 2502 et

237 2522 437 2581 multa
480 2519 675 2580 militi
718 2518 1130 2591 condonare,
1200 2518 1581 2579 desertores
1631 2533 1822 2602 atque
1875 2522 2231 2583 seditiosos
2301 2551 2310 2563 ¹

240 2602 743 2685 implacabiliter
788 2600 1045 2662 oderatt
1092 2599 1263 2683 quod
1307 2613 1564 2671 cetera,
1614 2621 1777 2684 quae
1811 2621 2090 2685 peccare
2129 2624 2234 2665 es-

240 2696 383 2745 sent
427 2683 647 2755 soliti,
694 2681 773 2743 ad
818 2683 1093 2741 aliorum
1138 2680 1473 2759 injuriam,
1522 2681 1648 2743 hoc
1691 2682 1768 2743 ad
1815 2686 2231 2767 imperatoris

284 2767 603 2827 ericulum
639 2762 1047 2863 pertinebat,
1102 2762 1544 2846 nequidquam
1579 2764 2084 2827 dominationem
2118 2766 2232 2827 ad-

271 2848 569 2913 ectantis,
617 2868 672 2908 sn
708 2845 1061 2916 exercitus,
1108 2866 1228 2927 per
1268 2864 1462 2927 quem
1503 2858 1762 2908 ceteros
1799 2848 1866 2907 in
1907 2847 2229 2931 obsequio

239 2930 647 3001 contineret,
712 2945 954 2989 exuere
1003 2924 1388 3009 obsequium
1442 2926 1588 3011 ipse
1644 2929 1976 3013 coepiss'et.
2063 2930 2229 2990 lnsi-

238 3012 598 3087 mulabatur
641 3024 851 3073 tamen
896 3028 930 3067 a
968 3008 1343 3091 plerisque,
1406 3007 1584 3091 quod
1626 3024 1862 3071 tantam
1901 3012 2228 3073 exercitus

236 3094 564 3155 licentiam
582 3110 733 3155 „non
774 3091 933 3153 esset
968 3090 1269 3151 severius
1306 3106 1736 3173 exsequutus,
1784 3093 1940 3175 quin
1976 3106 2040 3155 et
2069 3093 2230 3153 ami·

237 3194 465 3240 corum
494 3175 653 3243 yitia
684 3172 940 3237 crimini
972 3171 1307 3252 dabantur,
1336 3172 1716 3235 Dolabellae
1746 3173 1968 3246 furor,
2007 3174 2230 3237 ebrio-

242 3257 399 3319 sitas
432 3256 737 3328 Antonii,
799 3254 1265 3338 intemperies,
1326 3254 1553 3328 luxus,
1611 3255 1877 3336 rapinae
1913 3256 2230 3339 plurimo·

240 3359 405 3401 rum.
468 3338 664 3412 .Sed,
706 3336 815 3399 ista
854 3356 1232 3419 quamquam
1272 3356 1394 3396 nec
1431 3336 1766 3417 ignoraret
1799 3338 2059 3410 Caesar,
2105 3356 2230 3399 nec

240 3420 589 3503 probaret,
635 3420 787 3504 quia
823 3420 1133 3481 meliores
1172 3438 1305 3479 non
1340 3416 1620 3481 habebat
1653 3416 2082 3495 administros,
2125 3418 2229 3481 his

244 3502 569 3565 utebatur.
2125 3502 2131 3507 “

245 3645 256 3657 ·
362 3610 499 3669 Ln.
560 3610 701 3671 Jam
740 3608 967 3669 bruma
1004 3622 1179 3681 erat,
1238 3621 1343 3681 et,
1386 3606 1520 3691 ,qui
1555 3604 1844 3669 Africam
1888 3606 2227 3682 tenebant,
2291 3606 2540 3663 Procedit

236 3688 447 3753 hostes
471 3734 489 3765 ,
542 3712 737 3775 quum
775 3692 1309 3775 occupationibus
1342 3690 1672 3759 Caesaris,
1716 3704 1852 3751 tum
1886 3690 2034 3751 anni
2065 3702 2228 3751 tem·
2257 3676 2542 3750 ffl'ssfiffl·

236 3791 401 3857 pore
424 3814 443 3848 ,
492 3774 779 3835 clausum
812 3774 875 3836 ei
904 3794 1077 3837 mare
1108 3772 1436 3859 putabant.
1523 3771 1655 3837 Sed
1683 3770 1795 3832 ille
1831 3762 2022 3835 s'olita
2054 3772 2230 3835 cele-

302 3962 453 4034 Cap.
487 3961 689 4015 xmx.
726 3962 817 4034 Ap
864 3961 981 4015 ian.
1016 3962 1153 4017 Dio.
1224 3960 1373 4035 cap.
1401 3962 1472 4015 1..
1512 3957 1766 4031 Appiam
1807 3956 2056 4011 Sueten.
2091 3954 2233 4013 Dio.

232 4030 491 4087 Sueton-
532 4031 701 4085 Cacs.
742 4048 795 4085 c.
823 4030 911 4088 ..8.
964 4030 1099 4087 Dio.
1152 4030 1401 4085 Sueton.
1474 4030 1620 4101 Cap.
1657 4028 1754 4081 LI.
1803 4026 1943 4081 Dio.
1983 4026 2294 4093 Sueten·-

244 4102 411 4155 enas.
450 4118 503 4153 c.
532 4102 623 4165 67.
674 4099 953 4171 Polyaen.
980 4100 1191 4157 -Strat-
1232 4100 1277 4157 1.
1311 4102 1369 4158 8.
1424 4098 1582 4154 Plut.
1637 4096 1878 4153 sueton.
1933 4094 2104 4153 Caes.
2137 4110 2230 4163 72·

252 4168 554 4244 (insulan.
590 4168 745 4257 Plut-
782 4170 923 4227 Dio.
1515 4212 1526 4225 .
1705 4218 1712 4223 .
1987 4213 1996 4222 .
2208 4195 2220 4218 ι

2663 1812 2674 1849 l
