2892 4684
695 288 817 352 ‚aa
864 245 2100 354 FREINSHJSUPPLEMENTORUM
2123 289 2274 354 nm.
2293 293 2610 356 Lxxxn.

352 495 429 553 11.
463 515 520 552 e.
544 493 670 568 708.
696 455 843 559 non⁸
870 495 1161 558 distulitz
1222 493 1476 557 sublato
1514 495 1801 558 Antonio
1820 539 1840 572 ,
1885 498 1964 560 ab
2001 497 2141 580 ejus
2181 495 2466 581 segnitie
2497 471 2674 558 baud

354 567 429 624 A·
462 569 530 622 C·
562 569 650 633 4⁴·
696 579 975 665 perinde
1008 595 1327 640 metuens.

356 713 669 770 maman
810 701 950 768 LV.
994 699 1131 764 Nec
1165 687 1337 761 enim
1368 697 1876 764 contemnendus
1909 715 2050 765 erat
2081 703 2436 787 imperator
2459 703 2664 764 Anto-

192 769 198 778 ’
315 785 483 841 uires.
691 785 877 856 nius,
936 798 1002 846 et
1038 782 1285 845 viribus
1322 782 1490 846 haud
1538 783 1924 866 spernendis
1963 785 2307 848 nitebatur.
2393 785 2667 847 Praeter

688 880 1021 931 recentem
1077 863 1399 926 delectum
1452 877 1588 926 tres
1641 863 1913 930 babebat
1960 867 2254 948 legiones
2292 864 2667 928 Macedoni-

688 945 836 1024 cas';
903 961 967 1008 et
1004 958 1453 1006 veteranorum
1494 967 1742 1008 manum
1767 990 1785 1021 ,
1830 968 2052 1009 senum
2093 947 2393 1031 quidem,
2438 947 2554 1011 sed
2596 945 2668 1010 in

691 1030 927 1114 quibus
963 1026 1160 1109 duplo
1192 1026 1339 1111 plus
1374 1026 1673 1100 roboria,
1735 1049 1922 1114 quam
1959 1029 2028 1090 in
2065 1028 2421 1101 tironibus,
2483 1029 2665 1094 ess'et.

687 1115 1039 1174 Praeterea
1081 1109 1171 1169 Le
1220 1107 1365 1170 idus
1410 1123 1477 1172 et
1505 1109 1772 1172 Asinius
1815 1111 1880 1172 in
1911 1111 2032 1172 His
2081 1111 2282 1184 auiis,
2353 1109 2464 1171 ille
2517 1130 2665 1172 cum

608 1233 623 1246 ·
690 1205 997 1276 quatuor,
1059 1191 1179 1251 Pol
1213 1190 1275 1251 io
1314 1209 1458 1251 cum
1489 1189 1740 1258 =duabus
1784 1193 2027 1276 legioni
2075 1215 2192 1267 us,
2259 1205 2324 1256 et
2363 1211 2504 1254 cum
2542 1197 2663 1254 tri.

686 1273 810 1334 bus
843 1272 911 1332 in
942 1270 1258 1333 ulteriore
1296 1273 1509 1336 Gallia
1541 1273 1619 1334 Ι...
1645 1273 1960 1348 Plancus,
2000 1274 2169 1340 haud
2209 1273 2408 1338 alieni
2443 1296 2477 1335 a
2513 1295 2664 1360 par-

686 1353 863 1418 tibus
898 1351 1303 1416 videbantur.

375 1481 633 1562 coegeris
808 1474 977 1542 LVI.
1023 1475 1280 1549 Caesar,
1324 1488 1589 1559 praeter
1604 1477 1900 1540 Martiam
1928 1492 1994 1540 et
2020 1491 2308 1562 quartam
2337 1459 2665 1562 legiones,

316 1557 511 1624 “15⁸⁰
690 1579 881 1622 unam
924 1556 1201 1619 babebat
1240 1557 1560 1630 tironum,
1607 1572 2058 1621 veteranorum
2101 1561 2295 1631 duas,
2352 1560 2470 1622 sed
2511 1581 2666 1644 sup·
2698 1584 2717 1619 r

686 1642 897 1725 pletas
940 1659 1021 1700 ex
1056 1658 1229 1700 novo
1270 1638 1550 1701 delectu.
1641 1641 1763 1702 His
1798 1641 2024 1703 Albam
2069 1640 2421 1704 convenire
2457 1641 2664 1723 jussis,

690 1722 941 1788 senatui
974 1720 1273 1802 scripsit,
1318 1719 1507 1800 hujus
1543 1723 1988 1785 auctoritatem
2019 1723 2278 1784 maximi
2314 1721 2531 1785 facere
2575 1723 2667 1785 si-

685 1805 973 1876 mulans,
1044 1801 1453 1885 delatumque
1508 1801 1586 1862 ab
1648 1805 1941 1866 exercitu
1988 1801 2339 1877 honorem,
2421 1819 2490 1866 ut
2533 1824 2658 1886 pro

684 1897 992 1970 praetore
1028 1882 1372 1966 imperium
1410 1882 1708 1958 baberet,
1753 1906 1884 1949 non
1922 1905 2072 1946 acce
2125 1885 2195 1948 it.
2263 1885 2663 1968 Sed,.quum

687 1969 851 2028 «luae
887 1965 1213 2048 legiones,
1259 1985 1419 2047 quae
1456 1964 1534 2026 ab
1567 1967 1854 2029 Antonio
1885 1967 2070 2029 disce
2125 1982 2341 2041 erant,
2382 1967 2554 2028 inter
2583 1987 2658 2029 se

686 2047 769 2110 ad
818 2048 1225 2110 simulacrum
1274 2067 1526 2142 pugnae
1567 2049 2069 2122 concurriss’ent‚
2135 2049 2500 2131 spectaculo
2541 2046 2656 2110 de-

684 2129 983 2200 lectatus,
1028 2141 1095 2190 et
1114 2128 1325 2190 oblata
1355 2127 1765 2191 liberalitatis
1799 2129 2162 2201 occasione,
2204 2132 2438 2192 iterum
2464 2129 2652 2212 quin·

688 2231 895 2293 genos
938 2209 1243 2272 denarios
1282 2208 1542 2272 divisit:
1604 2212 1797 2293 quina
1839 2213 2036 2273 millia
2074 2213 2442 2296 pollicitus,
2505 2210 2652 2283 ubi,

682 2313 764 2354 re
814 2291 895 2352 ad
940 2291 1261 2374 proelium
1308 2288 1618 2364 deducta,
1691 2291 1928 2355 fortem
1971 2291 2357 2377 fidelemque
2397 2311 2660 2379 operam

686 2372 1098 2436 navaviss'ent.
1198 2372 1311 2434 Sic
1362 2373 1656 2436 excitatis
1703 2375 2015 2438 militibus
2072 2376 2252 2448 suis,
2319 2389 2387 2436 et
2433 2395 2657 2469 sparsa

686 2454 1103 2536 largitionum
1155 2451 1361 2526 fama,
1424 2455 1804 2538 insequutus
1851 2457 2198 2517 Antonium
2219 2496 2250 2527 ,.
2297 2457 2366 2516 in
2419 2455 2662 2517 itinere

692 2536 984 2620 equites,
1036 2534 1440 2616 sagittarios,
1488 2523 1862 2618 elephantos
1908 2535 2085 2598 illius
2125 2531 2382 2622 redegit
2429 2537 2494 2598 in
2537 2557 2657 2620 po-

688 2616 1007 2690 testatem,
1066 2615 1329 2677 minime
1364 2637 1439 2678 re
1490 2631 1840 2698 ugnantes,
1903 2619 2077 2702 quod
2107 2620 2425 2681 Antonius
2461 2619 2658 2680 Sues-

692 2719 837 2772 sae,
900 2711 965 2762 et
1002 2697 1221 2782 paffim
1259 2699 1326 2759 in
1368 2637 1584 2760 cafiris
1623 2699 2003 2765 trucidando
2027 2743 2043 2773 ‚
2110 2701 2219 2784 qui
2266 2701 2328 2763 ei
2367 2699 2656 2784 suspecti

690 2795 909 2854 erant,
954 2782 1202 2842 animos
1238 2781 1518 2844 militum
1551 2779 1967 2844 vehementer
2009 2784 2419 2844 alienaverat.

350 2921 580 2976 Annona}
602 2929 652 2974 n
810 2901 1007 2970 LVII.
1068 2901 1199 2970 Sed
1236 2902 1594 2976 Antonius,
1651 2897 1850 2964 mima
1889 2899 1968 2961 ad
1993 2903 2262 2964 Brutum
2298 2899 2654 2976 codicillis,

320 2991 491 3044 Brun
512 3005 629 3043 con·
690 2985 1013 3056 decedere
1048 2981 1307 3067 jubebat
1338 2981 1705 3068 provincia,
1751 3003 1879 3067 quo
1919 2997 1988 3044 et
2015 2985 2364 3068 plebiscito
2395 2997 2660 3068 gereret

319 3061 592 3113 ‘mmm‘-
686 3083 967 3140 morem,
1027 3078 1092 3129 et
1129 3061 1255 3128 sibi
1290 3081 1612 3150 parceret.
1693 3067 1941 3126 Brutus
1975 3079 2196 3126 contra
2237 3081 2654 3128 senatuscon-

688 3149 923 3211 sultum
972 3149 1185 3220 misit,
1243 3168 1371 3232 quo
1410 3149 1540 3232 ipsi
1579 3147 1721 3212 data
1759 3159 1898 3208 erat
1932 3145 2160 3208 Gallia.
2249 3147 2411 3208 Tum
2449 3149 2655 3209 Anto-

684 3231 831 3291 nius
867 3231 1037 3293 diem
1064 3226 1453 3317 praestituit,
1499 3232 1668 3294 iutra
1754 3249 1893 3290 uam
1932 3226 2060 3289 nisi
2097 3225 2476 3302 deceffiffet,
2527 3247 2652 3312 pro

682 3311 859 3376 hoste
895 3313 1264 3378 haberetur.
1347 3317 1574 3396 Neque
1607 3247 1790 3376 cedit
1813 3313 2078 3386 Brutus,
2121 3311 2460 3394 quominus
2487 3327 2653 3372 nun-

680 3394 983 3463 ciandum
1020 3407 1312 3467 curaret,
1352 3395 1545 3458 debere
1576 3395 1874 3456 Antonium
1900 3387 2009 3472 fibi
2050 3394 2152 3474 1·in
2183 3394 2478 3474 longiorem
2509 3394 2654 3451 diem

681 3483 861 3537 dicere
878 3517 895 3552 ,
954 3495 1026 3540 ue
1048 3479 1211 3560 forte
1248 3479 1409 3540 citius
1426 3513 1447 3551 ,
1509 3495 1668 3558 quam
1705 3471 1906 3546 vellet,
1965 3472 2032 3534 ab
2061 3477 2258 3556 stuata
2293 3473 2452 3552 hostis
2475 3473 2651 3552 judi·

682 3577 927 3620 caretur.
2497 3599 2504 3608 ·

376 3669 626 3739 Brutus,
818 3665 1043 3730 LVm,
1094 3663 1180 3729 Et
1216 3673 1472 3747 poterat
1509 3657 1884 3748 opprimere
1919 3658 2106 3722 Bruti
2147 3653 2499 3724 exercitum
2537 3653 2652 3720 ad-

313 3737 533 3796 Mmffu
562 3759 641 3796 ⁶⁶·
682 3741 811 3811 buc
846 3751 915 3811 in
956 3744 1171 3811 castris
1212 3767 1243 3806 a
1294 3759 1507 3808 entem
1543 3759 1720 3808 tanto
1755 3743 2088 3827 potentior
2122 3745 2472 3818 Antonius,
2533 3738 2653 3804 sed

307 3821 527 3883 ‘'1⁸⁸‘’
682 3831 881 3892 urbes
924 3831 1107 3892 adire
1146 3843 1243 3889 ma
1274 3829 1385 3890 uit.
1469 3823 1568 3888 Ab
1607 3823 1710 3887 his
1751 3819 1943 3908 quum
1983 3827 2428 3908 reciperetur,
2479 3826 2654 3886 Bru-

450 3919 465 3932 '
682 3919 787 3974 tus
820 3913 1091 3986 veritus,
1136 3931 1219 3972 ne
1255 3928 1403 3970 mox
1437 3911 1607 3971 nulla
1647 3921 1896 3992 pateret
1935 3905 2100 3980 sibi,
2141 3921 2263 3990 per
2295 3904 2652 3968 simulatio·

702 4125 715 4140 ·
752 4119 896 4204 cap.
926 4115 1045 4178 tv.
1070 4092 1339 4206 appia..
1412 4117 1560 4190 οη».
1591 4113 1761 4172 mu:
1786 4109 1908 4174 cte.
1943 4109 2088 4202 '3¹²¹'-
2122 4115 2179 4187 5,
2213 4135 2298 4187 17.
2335 4101 2482 4174 mo:
2522 4112 2652 4208 ctet

682 4182 833 4246 Phil.
862 4193 919 4260 4,
948 4207 999 4245 a·
1038 4185 1163 4248 lav.
1196 4189 1354 4262 Eptt.
1424 4189 1570 4262 Cap.
1599 4184 1778 4252 nvn.
1814 4188 2071 4262 Appiana
