2892 4684
703 234 828 299 380
873 218 1275 301 Fanmsn.
1300 232 2140 317 surmnanroam
2163 234 2704 302 Lm.1.xxxv1.

368 446 655 515 αὑταὶ·
712 462 934 510 cturus
984 459 1125 507 erat
1161 433 1443 515 Gallius,
1489 444 1616 505 nisi
1707 464 1786 505 ro
1839 464 1918 505 eo
1965 446 2234 527 regulus
2275 447 2489 529 gentis
2517 447 2700 527 Hyr-

368 514 444 571 Δ·
468 516 645 615 §243-
710 550 907 591 canus
946 542 1199 589 centum
1235 527 1468 586 talenta
1503 524 1652 585 misi
1704 539 1788 586 et.
1873 526 2218 589 Profectus
2249 530 2422 589 enim
2453 540 2592 590 erat
2621 528 2695 587 in

709 608 1123 673 Palaestinam
1151 608 1413 680 Caffius,
1458 608 1554 667 uti
1583 606 1950 667 venientem
1984 628 2062 669 ex
2083 612 2376 693 Aegypto
2408 611 2696 713 legatum

706 690 1084 757 Dolabellae
1130 692 1208 751 A.
1248 688 1574 749 Allienum
1620 704 1984 767 occugaret.
2033 712 2046 731 *
2073 694 2129 750 ls
2159 692 2548 753 Alexandria
2585 690 2694 751 le-

704 774 969 856 gionum
1012 784 1284 853 quatuor
1324 767 1516 830 instar
1547 768 1788 830 reduce
1837 782 1933 843 at,
1993 771 2118 831 reli
2167 774 2306 834 uias
2340 770 2692 855 Pompeia-

703 874 827 915 nae
864 854 1351 932 Crassianaeque
1392 850 1630 913 cladis=
1675 864 1782 910 aut
1823 871 1901 911 ex
1941 852 2024 913 iis
2065 793 2476 925 cdliortibus,
2521 856 2691 936 'quas

706 934 875 1019 apud
918 935 1321 1015 Cleopatram
1370 932 1728 1013 reliquerat
1774 933 2030 995 Caesar.
2088 954 2298 1017 neque
2337 954 2529 997 ausus
2566 934 2688 995 ad-

704 1038 937 1080 versus
969 1029 1116 1077 octo
1146 1014 1440 1095 legiones
1473 1013 1903 1085 contendere,
1949 1034 2088 1075 cum
2121 1017 2410 1080 exercitu
2439 1017 2504 1076 in
2525 1018 2690 1077 Cas-

584 1112 603 1140 ·
708 1099 793 1159 sii
850 1111 1063 1179 partes
1106 1096 1383 1155 transiit.
1480 1094 1694 1167 Haec,
1752 1110 1898 1157 ante
1937 1100 2150 1170 Nonas
2185 1099 2450 1159 Martias
2501 1112 2686 1168 acta,

706 1178 1099 1262 perscripsit
1132 1176 1197 1236 in
1235 1177 1458 1237 urbem
1492 1176 1732 1237 Cass'ius
1770 1197 1850 1237 ex
1882 1174 2140 1254 castris,
2183 1199 2346 1262 quae
2383 1180 2450 1239 in
2489 1179 2688 1263 oppiu-

710 1240 795 1323 ‹lo
825 1254 1151 1343 Galilaeae
1181 1256 1534 1319 Tarichaea
1575 1272 1902 1341 posuerat.

278 1412 282 1419 ·
364 1398 684 1455 oonsnDo-
831 1384 938 1443 XI·
1000 1378 1148 1441 Post
1186 1400 1473 1441 mensem
1515 1380 1790 1453 deinde,
1852 1382 2250 1447 Dolabellam
2292 1384 2356 1444 in
2391 1384 2687 1446 Ciliciam

337 1469 581 1524 tabellam
596 1469 688 1521 du·
710 1462 940 1527 v’enire
978 1462 1280 1533 audiens,
1336 1461 1606 1523 dimissis
1643 1464 1782 1523 sine
1815 1463 2046 1541 injuria
2076 1466 2259 1527 Basso
2291 1468 2683 1553 crispoque,

337 1543 435 1595 δί’·
711 1560 775 1608 ct
832 1546 887 1605 si
944 1544 1054 1627 qui
1106 1556 1443 1626 praeterea
1499 1564 1757 1605 manere
1813 1547 2238 1627 gravabantur
2262 1591 2278 1622 ‚
2342 1548 2684 1631 class'isque

642 1682 657 1695 ,
706 1626 1118 1711 praefectura
1140 1628 1360 1684 Murco
1395 1624 1647 1697 tradita,
1695 1626 1924 1695 eodem
1964 1624 2231 1690 instituit
2263 1628 2528 1700 ducere,
2569 1650 2682 1689 au·

708 1722 851 1769 ctus
876 1708 1062 1767 etiam
1088 1706 1371 1788 equitum
1398 1706 1874 1789 sagittariorum
1899 1708 2118 1792 aliquo
2139 1730 2429 1780 numero,
2463 1710 2575 1793 qui
2601 1730 2684 1770 ex

705 1789 1003 1859 Parthis,
1051 1806 1239 1870 quam
1276 1786 1445 1869 apud
1487 1801 1744 1869 gentem
1787 1788 1950 1849 fama
1985 1804 2121 1873 erat
2157 1791 2558 1861 clariffimus,
2602 1790 2685 1851 'ad

666 1918 671 1923 .
706 1892 851 1933 eum
886 1882 1217 1931 venerant.
1300 1872 1488 1941 Tum,
1535 1870 1817 1949 cognito,
1863 1872 2112 1932 class'em
2143 1872 2682 1934 Dolabellae‘ess'e

705 1953 773 2013 in
806 1938 1073 2020 Cilicia,'
1101 1950 1307 2031 ipsum
1345 1950 1460 2011 iffe
1485 1950 1891 2026 Laodiceam,
1938 1952 2167 2014 eodem
2207 1954 2351 2016 cum
2383 1951 2683 2016 omnibus
2717 1974 2722 1981 ·

634 2063 641 2073 ·
707 2034 920 2116 copiis
957 2030 1045 2092 est
1075 2030 1434 2115 profectus·

373 2184 725 2241 Dolum„—
828 2158 965 2215 Xn.
1032 2152 1292 2237 Quippe
1338 2154 1712 2226 Dolabella,
1783 2153 1921 2239 post
1967 2156 2380 2219 intersectum
2427 2156 2683 2220 Trebo-

335 2258 498 2310 μίγη,
708 2237 919 2308 nium,
978 2236 1239 2298 tributis
1273 2236 1468 2297 Asiae
1515 2237 1841 2299 civitatum
1891 2238 2140 2299 class'em
2183 2260 2215 2299 a
2250 2238 2526 2313 Rhodiis
2557 2242 2681 2320 Ly-

711 2318 998 2401 ciisque,
1045 2332 1234 2401 atque
1267 2338 1303 2378 e
1330 2318 1701 2400 Pamphylia
1735 2333 1799 2379 et
1829 2320 2162 2389 Cilicibus,
2211 2340 2406 2406 opera
2445 2322 2517 2381 L.
2547 2322 2679 2381 Lu-

701 2401 836 2467 cilii
876 2398 1121 2481 Figuli,
1171 2399 1472 2461 mercede
1518 2400 1947 2460 conduxerat:
2007 2401 2379 2483 Syriamque
2409 2401 2674 2483 Figulus

584 2482 597 2503 ⁸
699 2480 1004 2550 navibus,
1078 2480 1415 2561 Dolabella·
1469 2479 1750 2562 pedestri
1815 2480 2052 2542 itinere
2111 2501 2253 2543 cum
2310 2482 2678 2565 legionibus

702 2562 945 2623 duabus
979 2561 1303 2642 petebant.
1392 2564 1660 2621 Animos
1699 2564 1940 2623 Tarsus
1976 2577 2040 2625 et
2073 2564 2390 2625 Laodicea
2425 2560 2676 2635 dabant,

698 2644 859 2707 haec
900 2643 1071 2702 inter
1118 2642 1411 2723 insignes
1453 2644 1673 2721 Syriae
1717 2644 2044 2717 civitates,
2113 2642 2218 2705 illa
2263 2646 2530 2706 Ciliciae
2577 2665 2678 2705 ca-

700 2738 836 2809 put.
926 2723 1055 2783 Sed
1108 2724 1315 2783 classis
1367 2723 1441 2783 ad
1489 2727 1798 2804 Corycum
1850 2726 2066 2786 clauso
2113 2740 2304 2808 portu
2346 2747 2415 2787 se
2449 2726 2676 2797 tenuit,

708 2826 899 2892 quum
942 2824 1077 2865 eam
1116 2804 1197 2885 Q.
1231 2805 1472 2865 Gallius
1521 2820 1829 2888 sequutus
1869 2808 2059 2881 ess'et3
2123 2806 2391 2878 deinde,
2436 2806 2564 2868 hoc
2599 2805 2680 2866 ad

706 2886 898 2950 castra
940 2887 1128 2949 cami
1164 2886 1487 2968 profecto,
1535 2887 1844 2947 'I'urulius
1925 2886 2171 2948 uaessor
2209 2908 2348 2950 cum
2385 2888 2676 2959 navibus,

705 2990 862 3053 quas
904 2987 1071 3028 anno
1114 2970 1454 3050 superiore
1483 2968 1736 3026 Tullius
1773 2969 1910 3029 Cim
1957 2988 2032 3031 er
2071 2971 2138 3030 in
2172 2970 2470 3051 Bithynia
2508 2988 2680 3031 com-

703 3043 993 3135 pararat,
1039 3062 1295 3109 cursum
1342 3048 1814 3129 praecluderet.

372 3179 681 3246 astrui„
826 3150 993 3222 xm.
1052 3155 1135 3215 At
1170 3153 1541 3229 Dolabella,
1589 3158 2039 3230 Tarsensium,
2089 3155 2327 3219 deinde
2368 3156 2683 3219 Laodice-

332 3249 407 3305 αα
445 3247 645 3301 Laodi·
708 3258 936 3299 norum
972 3237 1304 3314 iuventute
1338 3238 1713 3306 centuriata,
1762 3240 2085 3299 exercitus
2115 3238 2304 3301 instar
2335 3236 2523 3302 fecit:
2569 3237 2681 3298 de-

332 3332 499 3371 cet-¹·
706 3318 1002 3401 jectaque
1050 3330 1233 3398 parte
1283 3320 1490 3388 muri,
1555 3314 1744 3379 castra
1793 3320 2035 3402 oppido
2081 3320 2450 3397 conjunxit:
2517 3318 2684 3403 post-

756 3420 895 3460 uam
919 3442 934 3470 ,
978 3398 1305 3481 praesidio
1340 3399 1529 3460 Canii
1565 3399 1729 3481 apud
1774 3404 2020 3482 Aegeas
2059 3402 2322 3461 Ciliciae
2363 3400 2684 3461 cii'itatem

710 3420 1002 3555 deiecto,
1055 3481 1131 3539 ab
1162 3481 1544 3547 Antiochiae
1587 3484 2064 3563 oppuonatione
2111 3502 2250 3544 cum
2294 3482 2682 3543 detrimento

712 3562 991 3641 rejectus
1030 3562 1410 3643 aliquoties,
1477 3562 1714 3621 deinde
1757 3528 2053 3624 desertus
2094 3564 2159 3623 in
2203 3565 2438 3624 itinere
2474 3586 2506 3623 a
2544 3564 2682 3645 ple·

542 3652 575 3665 “
712 3646 938 3729 risque
978 3643 1292 3704 militibus
1328 3643 1636 3704 Asiaticis
1679 3643 1911 3706 fuerat.
1997 3646 2353 3720 Laodicea,
2410 3645 2478 3705 in
2523 3662 2683 3729 pen-

776 3832 924 3905 Cap.
956 3832 1029 3884 X.
1081 3828 1217 3883 Dio.
1261 3828 1514 3901 Appian.
1573 3830 1695 3886 Cic.
1734 3829 1886 3885 Phil.
1929 3848 2010 3897 n,
2050 3850 2132 3886 η.
2171 3842 2230 3886 et
2265 3831 2345 3884 13.
2397 3831 2533 3884 Dio.
2573 3828 2686 3900 Ap-

709 3902 871 3989 pian.
938 3899 1063 3971 cte.
1100 3898 1173 3953 ad
1207 3902 1366 3952 Fam.
1412 3918 1503 3964 η,
1542 3918 1624 3953 ιι.
1665 3908 1722 3954 ct
1763 3918 1840 3953 aa.
1915 3898 2060 3973 Cap.
2097 3902 2204 3983 xl..
2255 3899 2385 3952 Dio.
2423 3898 2688 3981 ‘Appia-n.

712 3968 1233 4167 (ὄὲᾚέἷῖιιιῖῗηόῑέῗ
1251 3984 1395 4097 ’Τέἷὶ
1418 3968 1598 4117 ῗῃῖἶ
1620 3971 1976 4107 ‚afif'n'ssf
1985 4008 1998 4025 ⁰
2013 3968 2683 4106 cigpiilnrassi⁰izfi22

714 4124 745 4167 e
808 4126 827 4163 Ι
873 4143 890 4166 ο
1993 4146 2020 4174 ,ι
2081 4161 2090 4169 .
2135 4160 2146 4171 .
