2892 4684
571 229 583 234 ”
660 257 747 320 m
795 245 1095 316 Locum
1134 247 1299 314 Lm.
1350 243 1552 316 cxv.
1601 249 1834 316 mvn.
2145 266 2262 330 ιφ)

271 477 503 541 regum
558 479 633 521 ac
685 460 1049 535 civitatum,
1110 459 1243 520 duo
1300 457 1500 520 millia
1555 460 1966 543 octingentas
2021 457 2258 542 viginti
2317 461 2632 529 uae-766.

272 539 470 614 duas,
512 543 651 604 auri
730 541 1043 606 endentes
1076 539 1295 625 pondo
1326 539 1562 622 viginti
1592 541 1794 604 millia
1819 540 2255 636 quadringen-
2318 529 2388 585 Α·
2428 531 2494 587 C·
2531 527 2622 598 46·

270 635 337 684 ta
386 635 659 706 quatuor
707 625 903 704 ecim)
949 621 1313 687 mulcebant
1346 623 1654 696 animos)
1691 645 1982 708 magnam
2023 623 2257 684 exinde

272 719 523 798 partem
564 709 699 769 suis
736 726 887 768 mox
921 704 1145 767 usibus
1188 717 1293 766 aut
1326 704 1642 788 voluptati
1666 707 1998 778 ceniarum,
2049 705 2263 766 scien·

276 799 458 846 tium.

390 894 559 955 XIX.
621 899 781 958 Nam
820 908 889 956 et
924 891 1427 958 viscerationem
1467 891 1714 985 populo
1759 891 1942 956 dedit
1979 893 2257 970 Caesar,
2332 885 2602 968 nupt-nb

267 986 334 1035 et
374 979 583 1038 omnis
628 976 893 1060 generis
932 967 1317 1059 spectacula'
1345 971 1636 1032 diversis
1677 975 1930 1036 causs'is.
2013 977 2258 1036 Forum
2289 967 2508 1052 Vmffrff'S
2527 969 2621 1021 Ge·

266 1057 437 1116 enim
474 1079 681 1129 suum,
724 1077 829 1126 eo,
921 1055 1051 1120 uod
1078 1061 1441 1116 Romanum
1477 1053 1851 1126 vocabatur,
1893 1055 2259 1138 pulchrius,
2285 1049 2527 1093 mmm·

267 1136 386 1200 sed
428 1139 667 1199 minori
706 1139 891 1201 latitu
944 1141 1085 1210 ine,
1146 1135 1258 1196 ubi
1292 1135 1393 1215 jus
1428 1133 1858 1205 redderetur,
1917 1138 2262 1219 templum-

264 1237 398 1300 que
420 1221 702 1284 Veneris
728 1221 1113 1290 Genitricis‚
1142 1232 1207 1280 et
1234 1217 1409 1299 juxta
1438 1216 1726 1279 numinis
1757 1214 2048 1298 effigiem
2070 1219 2263 1280 Cleo·
2333 1275 2342 1290 ,

314 1315 489 1362 atrae
526 1301 937 1364 simulacrum
972 1299 1335 1369 dedicavit,
1380 1319 1526 1362 cum
1577 1298 1801 1360 multis
1848 1312 1922 1368 et,
1960 1298 2112 1364 aliie.
2144 1320 2263 1360 no.

260 1321 493 1442 gilium
533 1379 851 1444 artificum
886 1383 1155 1459 tabulis3
1200 1381 1375 1443 inter
1394 1403 1555 1465 quas
1575 1378 1981 1442 Timomachi
1999 1377 2265 1458 Ajacem

262 1463 655 1524 etMedeam
696 1465 1025 1548 octoginta
1060 1462 1322 1526 talentis
1360 1463 1584 1526 emiffe
1621 1462 1920 1525 traditur.
1989 1461 2266 1524 Locavi't

262 1541 509 1604 ibidem
564 1545 717 1628 equi
764 1547 863 1608 sui
905 1545 1239 1630 effigiem,
1300 1545 1411 1626 qui
1452 1544 1748 1606 humanis
1789 1543 2039 1606 similes
2080 1543 2266 1625 prio-

263 1643 377 1684 res
410 1626 614 1708 pedes
646 1626 891 1699 habuit,
934 1647 1150 1711 neque
1188 1625 1502 1688 sessorem
1530 1627 1667 1688 reci
1717 1646 1833 1688 ere
1867 1625 2096 1695 voluit,
2129 1623 2264 1687 nisi

263 1705 643 1770 Caesarem:
690 1705 1081 1792 statuamque
1124 1708 1251 1788 sjbi
1293 1707 1628 1768 loricatam
1714 1709 1876 1771 icari
1906 1708 2118 1791 pass'us
2149 1703 2262 1778 est,

260 1806 407 1848 cum
445 1790 671 1872 efligie
763 1811 905 1852 uam
940 1791 1318 1853 Arcesilaus
1358 1788 1540 1850 fecit.
1631 1790 1880 1850 Struxit
1915 1803 1981 1851 et
2011 1787 2263 1870 amphi-

256 1867 621 1944 theatrum,
690 1811 803 1933 utbi
860 1872 1249 1934 funebribus
1303 1867 1479 1932 filiae
1531 1869 1703 1931 ludis
1760 1870 2261 1953 pronunciatum

259 1949 418 2012 olim
449 1953 697 2043 populo
730 1975 963 2016 munus
999 1969 1193 2038 atque
1228 1953 1615 2014 venationes
1649 1951 1965 2014 exhibuit.

384 2076 530 2136 XX.
576 2075 767 2137 Fecit
801 2091 869 2138 et
895 2075 1087 2138 ludos
1122 2076 1518 2161 regionatim
1595 2095 1671 2138 er
1703 2073 1988 2137 omnium
2011 2074 2262 2171 lingua·
2325 2081 2503 2135 Varia
2521 2097 2644 2154 spe.

257 2177 405 2217 rum
432 2154 818 2229 histriones,
862 2159 1020 2220 item
1052 2158 1411 2230 circenses,
1458 2098 1756 2230 atliietas,
1795 2155 2259 2221 naumachiam.
2285 2151 2502 2205 “⁶⁶⁸¹‘'
2536 2168 2572 2203 ‘⁸

256 2241 537 2300 Munere
576 2237 967 2321 gladiatorio
1006 2239 1544 2324 depugnaverunt
1582 2239 1842 2324 quidam
1877 2239 2153 2301 Romani
2191 2257 2260 2300 e·
2290 2219 2638 2274 0⁶“““‘⁴¹·

259 2320 516 2403 quites,
561 2319 681 2382 sed
716 2335 784 2382 et
812 2322 1050 2383 Furius
1074 2322 1417 2405 Leptinus,
1461 2320 1643 2402 cujus
1677 2334 1867 2406 pater
1892 2334 2261 2404 praeturam
2283 2300 2369 2344 ι’·

260 2401 576 2483 generat,
639 2416 707 2465 et
744 2402 826 2484 Q.
863 2404 1223 2488 Calpenus,
1288 2415 1554 2465 senator
1591 2400 1914 2488 quondam
1948 2417 2262 2486 actorque

258 2484 633 2548 cauffarum.
718 2486 1055 2548 Dimicare
1102 2498 1168 2548 et
1208 2484 1480 2548 Fulvius
1521 2487 1784 2548 Setinus
1836 2495 2102 2546 senator
2147 2503 2264 2546 vo-

256 2563 505 2637 luerat,
572 2567 689 2629 sed
736 2569 976 2630 Caesar
1018 2568 1281 2651 negavit
1320 2567 1642 2651 pass'urum
1694 2567 1764 2628 in
1807 2564 2260 2642 senatoribus,
2348 2641 2355 2644 ,

258 2646 518 2728 equites
554 2648 834 2710 admisit.
920 2649 1345 2730 Pyrrhicham
1384 2651 1782 2714 saltaverunt
1806 2649 2002 2710 Asiae
2035 2646 2262 2730 Bithy-

256 2725 538 2812 niaeque
578 2730 950 2814 principum
988 2731 1208 2794 liberi.

384 2851 559 2914 xxl.
619 2851 825 2912 Ludis
864 2855 947 2914 D.
985 2853 1305 2918 Laberius
1357 2875 1563 2940 eques
1614 2855 1941 2916 Romanus
1991 2854 2258 2914 mimum
2299 2876 2636 2932 „jahn-12,

264 2954 447 2995 suum
486 2933 663 3017 egit,
723 2954 1103 3016 quamquam
1146 2938 1647 3020 sexagena-rius,
1704 2934 1880 3020 quod
1922 2934 2065 3017 ipse
2105 2934 2258 2995 dili·
2284 2949 2642 3018 ..immugig

260 3029 497 3099 genter
534 3015 867 3078 excusavit
906 3016 970 3076 in
1004 3016 1287 3098 prologo
1308 3061 1324 3088 ,
1386 3032 1678 3081 coactum
1711 3037 1783 3079 se
1811 3015 2070 3078 testatus
2099 3015 2259 3076 man·
2597 3037 2607 3046 ’

260 3105 335 3156 da
366 3100 423 3155 vi
453 3096 628 3169 illius,
674 3102 761 3158 cui
792 3120 857 3156 ne
882 3098 991 3158 Dii
1020 3097 1238 3177 quidem
1270 3095 1374 3176 ipsi
1394 3119 1588 3180 negare
1617 3099 1914 3180 quidquam
1941 3095 2258 3177 potuiffi’nt.

260 3176 397 3240 Sed
438 3199 653 3262 neque
693 3179 1029 3242 serviliter
1065 3197 1137 3239 se
1220 3179 1361 3240 emt
1395 3180 1460 3239 in
1495 3181 1792 3253 actione,
1837 3180 2143 3263 ultusque
2174 3175 2264 3240 est

260 3259 563 3338 injuriam
607 3261 803 3323 dictis
839 3260 1069 3324 liberis
1108 3281 1185 3322 su
1265 3260 1474 3322 aliena
1508 3281 1826 3342 persona,
1885 3261 2150 3345 Qirites
2183 3261 2262 3320 li-

258 3339 527 3402 bercotem
567 3345 798 3422 perdere
836 3343 1233 3418 exclamans3
1297 3355 1394 3414 et,
1443 3361 1572 3423 quo
1608 3363 1804 3403 versu
1841 3357 2042 3405 totum
2082 3342 2148 3403 in
2187 3363 2260 3406 se

306 3424 575 3505 opulum
608 3424 997 3488 convertiss'e
1028 3423 1271 3486 dicitur
1291 3464 1310 3497 ‚
1354 3423 1540 3506 quasi
1571 3442 1800 3484 vocem
1838 3425 2108 3486 misiss'et
2141 3447 2262 3508 pu..

260 3444 423 3564 blici
466 3505 779 3579 aflectus,
840 3503 1127 3588 Neceffum
1164 3503 1301 3584 qllb,
1361 3505 1564 3564 multos
1614 3507 1840 3576 timeat,
1895 3527 2068 3586 quem·
2095 3507 2261 3568 multi

262 3587 480 3644 timent.
562 3587 1024 3672 Alienavitque
1080 3607 1154 3650 ea
1210 3587 1516 3650 libertate
1563 3587 1946 3657 Caesarem,
2013 3601 2083 3648 ut
2127 3591 2260 3649 Pu-

260 3663 469 3726 hlium
504 3665 572 3728 ei
602 3670 1117 3754 mimograpbum
1152 3682 1620 3755 anteponeret:
1664 3663 1997 3752 statimque
2017 3669 2259 3734 Publio
2333 3729 2346 3745 ,

332 3852 479 3926 Cap.
514 3853 693 3924 xm,
715 3853 961 3914 Sueton.
996 3860 1165 3916 Caes.
1198 3855 1290 3914 38.
1339 3856 1497 3915 Plut.
1545 3857 1686 3912 Dio.
1722 3855 1984 3930 Appiam.
2021 3863 2080 3910 et
2113 3854 2256 3914 Dio.

263 3920 417 3978 Plin.
451 3923 553 3992 35,
590 3927 645 3990 4.
685 3934 747 3978 ct
780 3940 863 3980 ιι.
903 3937 963 3980 et
990 3947 1045 3994 7,
1075 3931 1165 3998 39.
1215 3927 1366 3983 Plin.
1398 3929 1470 3995 8,
1509 3932 1600 3996 42.
1651 3929 1898 3984 Sueton.
1953 3927 2122 3982 Caes.
2159 3927 2251 3981 (ιι.

262 3991 417 4045 Plin.
448 3994 537 4060 34,
566 3994 625 4049 5.
699 3993 847 4063 Gap,
880 3995 1001 4051 XX.
1040 3996 1271 4058 Dio.'et
1301 3996 1456 4052 Plut.
1497 3997 1744 4052 Sueton.
1781 3997 1948 4051 Caes.
1981 3995 2070 4064 39.
2107 3993 2251 4050 Dio.

264 4061 515 4116 Sueten.
585 4063 733 4134 Cap.
767 4061 917 4118 XXI.
954 4062 1076 4119 Cic.
1112 4063 1187 4122 ad
1211 4069 1375 4122 Fam.
1412 4083 1494 4131 n,
1529 4067 1614 4124 28.
1651 4067 1923 4136 macrob,
1957 4065 2082 4135 Sat,
2111 4081 2162 4134 a,
2194 4079 2254 4134 7.

268 4127 341 4212 ᾼ.
375 4129 527 4188 Gen.
563 4149 647 4202 17,
684 4131 770 4192 ⁸8.
821 4131 1094 4189 Macrob.

2876 2783 2884 3110 1
