2892 4684
551 251 684 332 'm
721 263 1022 332 Locum
1059 264 1221 328 Lm.
1268 263 1519 328 cxxn.
1562 261 1789 330 mvn.
2070 261 2193 344 307

221 483 429 550 Tum,
491 475 574 536 ad
609 471 854 546 castella
889 487 955 536 et
995 470 1232 554 oppida
1275 469 1648 531 circumlato
1686 471 1897 544 bello,
1954 475 2189 556 pleris-
2250 475 2319 530 U.
2356 491 2408 566 c:
2438 484 2564 546 φοι).

224 557 1030 705 ἕζοίἓὲἐιίιῑιίῐῖἓξοροιίωῡ,
1076 549 1539 634 praesidiarios
1576 555 1715 614 sine
1750 557 1965 637 pretio
2002 557 2191 616 dimi·
2250 547 2321 597 Α·
2357 547 2425 598 (2-
2460 545 2555 612 4³·

357 771 587 834 XXIV.
645 769 728 829 At
779 767 912 840 illi,
961 789 1101 830 non
1141 783 1264 830 tam
1303 766 1559 832 deliniti
1592 763 1951 840 beneficio,
2014 789 2197 850 quam
2259 789 2541 844 Xanthum

233 851 478 914 infensi
521 851 602 911 ob
639 851 812 910 illata
850 849 1110 922 damna,
1175 849 1491 911 Xanthum
1530 869 1601 909 se
1637 851 2048 910 contulerunt
2084 847 2201 910 ho·
2226 876 2519 930 oppugnat.

229 927 474 995 ssilssius
517 933 784 1004 animi53
843 931 1012 1013 quod
1054 932 1398 1013 oppidum,
1445 944 1575 990 tota
1606 931 1793 1010 Lycia
1829 931 2200 1003 maximum,

234 1035 472 1074 summa
509 1033 635 1096 ope
672 1011 749 1071 ad
785 1011 1200 1072 resistendum
1235 1034 1304 1074 sc
1337 1013 1619 1095 parabat.
1668 1013 1997 1072 suburbiis
2032 1013 2203 1072 enim

232 1095 504 1163 dirutis,
549 1116 629 1162 ne
663 1095 1134 1176 receptaculum
1170 1093 1362 1170 hosti,
1407 1113 1571 1154 neve
1597 1094 1925 1154 materiem
1947 1093 2023 1154 ad
2048 1115 2205 1176 ope·

233 1198 305 1237 ra
345 1177 728 1259 praeberet,
795 1173 1014 1234 foss'am
1068 1175 1310 1235 circum
1350 1174 1575 1236 urbem
1616 1173 1926 1235 duxerant
2014 1175 2205 1236 edum

231 1257 300 1317 in
353 1257 752 1316 altitudinem
806 1256 1298 1338 quinquaginta,
1363 1271 1427 1317 et
1470 1276 1591 1339 pro
1632 1256 1935 1337 portione
1966 1198 2205 1333 Yatam3

231 1339 416 1418 cujus
456 1359 492 1398 e
532 1337 816 1418 margine
858 1339 926 1396 in
967 1337 1383 1398 adventantes
1423 1337 1621 1416 jacula
1668 1349 1733 1397 et
1774 1341 2033 1420 sagittas
2069 1351 2207 1398 tor-

232 1421 551 1560 quebant,
610 1433 921 1500 tamquam
959 1418 1285 1500 profundo
1328 1415 1587 1479 flumine
1634 1431 1697 1478 et
1730 1417 1949 1480 vadari
1980 1419 2207 1498 nescio

287 1500 568 1582 irempti.
655 1501 736 1558 At
784 1502 1059 1570 Brutus,
1127 1501 1418 1581 quamvis
1458 1519 1496 1561 e
1540 1499 1899 1581 longinquo·
1931 1498 2207 1582 petenda

237 1597 380 1642 erat
419 1580 717 1650 materia,
763 1593 902 1663 ‘tam
938 1579 1062 1640 suit
1103 1579 1166 1640 in
1207 1581 1686 1664 oppugnatione
1722 1581 2042 1663 ditigem,
2098 1593 2206 1653 ut,

239 1663 351 1745 qui
387 1663 728 1720 multorum
761 1662 1073 1721 mensium
1104 1661 1778 1722 futurus-credebatur
1806 1665 2009 1734 labor,
2058 1683 2211 1744 pau-

239 1743 336 1804 cis
371 1741 598 1802 diebus
633 1739 1084 1804 conficeretur.
1144 1744 1427 1804 Partitus
1468 1743 1639 1804 enim
1675 1745 1895 1824 copias
1933 1745 1996 1802 in
2032 1743 2213 1804 diur-

237 1845 380 1884 nam
417 1838 916 1906 nocturnamque
943 1843 1225 1904 operam,
1271 1837 1360 1894 ut,
1406 1838 1587 1908 parte
1626 1823 1889 1884 dimidia
1926 1844 2211 1907 pugnan-

201 1915 345 1977 ‘te‚
410 1904 650 1988 reliqui
703 1904 1330 1986 inter-quiescerent,
1403 1907 1771 1987 penetravit
1826 1906 1905 1966 ad
1961 1905 2214 1965 moenia

287 1989 628 2067 ortasquet
689 1999 790 2056 et,
837 1986 985 2067 quia
1027 1999 1325 2046 recentes
1372 1985 1649 2060 subinde
1696 1987 1864 2048 sess'ts
1904 1986 2215 2047 succede-

236 2009 416 2137 fiant,
458 2087 496 2125 o
547 2063 840 2146 pidanoffi
885 2065 1116 2146 quibus
1155 2067 1633 2151 haudquaquam
1672 2067 1897 2130 eadem
1934 2083 2069 2129 erat
2094 2085 2215 2127 co-

245 2149 396 2231 pia,
441 2167 474 2204 a
561 2161 914 2206 extremum
958 2144 1306 2208 discrimen
1343 2150 1625 2211 adduxit.

361 2277 566 2340 XXV.
613 2277 1076 2360 Repugnabant
1119 2278 1216 2338 illi
1255 2292 1500 2353 tamen,
1562 2279 1768 2340 donec
1806 2279 2041 2374 pinnae
2076 2295 2211 2340 tur·
2264 2287 2597 2350 Xanelah‘sm-

243 2380 484 2442 resque
521 2357 860 2420 steterunt:
920 2358 1074 2430 sed,
1131 2360 1239 2418 ubi
1281 2375 1426 2422 sunt
1463 2363 1539 2422 ab
1576 2361 1677 2422 his
1714 2361 2029 2432 destituti,
2090 2382 2213 2420 una
2236 2361 2589 2440 gagnfircutss·

240 2442 491 2522 reliqua
545 2462 692 2522 spes
747 2454 939 2522 atque
990 2442 1316 2502 contentio
1371 2443 1527 2513 fuit,
1594 2445 1648 2502 si
1692 2463 1877 2524 quam
1917 2439 2212 2523 fugiendi
2240 2437 2494 2496 ‘fuum‘-

241 2524 542 2606 reperire
583 2523 746 2582 viam
785 2522 1054 2602 pulsent.
1143 2524 1368 2583 Amnis
1411 2521 1912 2606 praeterfluebat
1952 2522 2213 2598 urbem,

247 2604 476 2665 eodem
524 2616 710 2684 atque
759 2603 865 2660 ina
916 2601 1210 2663 nomine:
1275 2606 1394 2664 sub
1439 2606 1563 2664 hoc
1606 2604 1860 2687 quidam
1900 2604 2216 2666 urinando

246 2684 639 2746 conabantur
673 2680 972 2742 evadere.
1039 2683 1154 2760 sed
1195 2685 1451 2768 excepti
1487 2701 1635 2747 sunt
1664 2687 1951 2757 retibus,
1998 2687 2115 2745 sub
2150 2709 2216 2746 a·

245 2785 372 2860 qua
409 2765 476 2823 in
515 2776 950 2824 transversum
987 2765 1228 2836 tensis,
1272 2768 1506 2847 quibus
1545 2766 1825 2848 adpensa
1862 2769 1927 2826 in
1968 2787 2215 2828 summo

241 2843 706 2988 tintinnabula,
767 2857 838 2905 ut
891 2845 1038 2926 quis
1097 2845 1448 2918 inciderat,
1510 2863 1839 2931 capturam
1890 2845 2217 2930 significa-

299 2941 428 2988 ant·
853 2951 860 2957 '
1093 2953 1120 2968 ³

363 3056 608 3120 XXVI..
641 3055 970 3120 Postremo
1003 3055 1287 3117 omnium
1316 3057 1573 3141 eruptio
1602 3060 1858 3141 placuit.
1901 3059 2213 3142 quod‘ubi
2259 3077 2595 3146 eruptionem

247 3139 452 3199 Brut-0
489 3140 743 3200 nunciis
779 3153 886 3200 aut
920 3139 1116 3200 rebus
1150 3137 1312 3218 ipsis
1345 3138 1671 3219 proditum
1706 3137 1825 3212 est,
1887 3142 2142 3202 reduxit
2182 3163 2215 3202 a
2232 3145 2476 3212 facium.

244 3219 456 3302 portis
495 3221 772 3292 milites,
817 3235 887 3280 ut
925 3221 1198 3302 spatium
1230 3219 1643 3283 concederet.
1710 3221 1777 3282 ld
1818 3221 2073 3282 Xanthii
2104 3243 2216 3282 ne-

247 3300 628 3382 gligentiam
665 3300 1072 3382 interpretati
1117 3313 1310 3360 noctu
1347 3316 1701 3382 eruperunt
1742 3322 1883 3361 cum
1921 3304 2215 3384 ignibus»,

250 3401 414 3462 quos
463 3381 806 3462 injicerent
851 3381 1186 3442 machinis.
1271 3379 1639 3445 Vehemens
1692 3383 1843 3442 inde
1894 3397 2219 3444 certamen

253 3476 484 3522 ortum.
529 3462 704 3525 ‘Sed
748 3464 936 3524 Bruti
991 3462 1268 3533 milites,
1327 3461 1498 3524 facto
1541 3485 1661 3546 per
1698 3464 2063 3524 incendium
2100 3465 2221 3523 im-

249 3556 444 3624 petu,
487 3542 722 3604 nudum
763 3545 1182 3606 Xanthiorum
1227 3563 1491 3625 agmen,
1536 3565 1746 3628 neque
1780 3547 1987 3617 enim,
2030 3565 2219 3628 prae-

249 3636 356 3683 ter
384 3623 556 3684 faces
591 3639 658 3686 et
687 3627 833 3698 tela,
871 3625 1216 3708 quidquam
1252 3627 1631 3696 extulerant,
1665 3624 2015 3707 disjecere=
2058 3627 2221 3687 mul-

248 3706 334 3765 tis
373 3705 778 3788 interemptis
801 3750 818 3779 ,
880 3709 1026 3788 quia
1065 3717 1272 3776 metu,
1327 3726 1408 3766 ne
1446 3707 1637 3769 simul
1674 3707 2067 3791 irrumperet
2104 3707 2221 3768 ho·

253 3783 399 3861 stis,
445 3787 1078 3871 clausum-oppidum
1114 3785 1346 3848 fuerat.
1391 3835 1410 3846 .
1630 3790 1635 3794 ”

321 3991 468 4071 Cap.
502 3985 710 4047 xxm.
745 3993 880 4046 Dio.
921 3994 1071 4048 Plut.
1144 3997 1287 4069 Gap.
1317 3995 1522 4050 XXIV.
1567 3995 1807 4062 Strabo,
1834 3994 1876 4049 1.
1904 3997 1985 4064 14.
2015 4013 2074 4066 p.
2096 3995 2219 4052 665.

251 4057 558 4183 &fuzmss‘io
595 4061 964 4204 thbi‘xgkv.
1017 4063 1255 4124 Strabo.
1307 4064 1458 4122 Plut.
1529 4065 1673 4140 Cap.
1705 4064 1909 4123 xxvi.
1964 4063 2219 4138 Appian-
