2892 4684
669 293 1102 362 mnne-xm
1141 297 1306 362 ΜΒ.
1351 297 1516 362 CXI.
1560 295 1791 366 leu.
2128 317 2213 380 79

225 525 445 569 sarem
495 504 678 566 simul
730 524 810 567 ex
855 504 1019 567 urbe
1057 505 1482 590 profugerat3
1542 504 1743 590 idque
1790 507 1875 569 ob
1912 510 2211 572 meritum
2272 497 2559 586 U·c·7⁰4·
2598 541 2605 555 =

279 601 593 648 raeturam
627 605 837 671 nuper
871 603 1012 649 erat
1045 601 1509 672 consequutus.
1582 589 1734 662 Sed,
1780 591 1929 674 quia
1950 594 2020 652 C.
2045 595 2213 653 'l’re-
2269 570 2425 627 *C-
2448 574 2541 642 4⁸·

225 611 495 732 {onium
521 683 894 752 praetorem
928 671 1241 731 urbanum
1275 689 1408 730 non
1444 691 1611 742 sors,
1667 671 1784 732 sed
1808 673 2067 746 Caesar,
2112 675 2212 736 ef·

233 751 522 824 ἕπεται,
571 752 869 813 omnibus
924 751 992 812 in
1041 752 1240 812 rebus
1292 751 1387 811 ini
1431 773 1503 812 se
1547 772 1885 837 opponere
1921 753 2208 818 instituit.

234 834 374 898 Nisi
413 831 588 902 forte
622 833 820 896 homo
861 837 930 893 in
981 829 1376 894 eniosiss'ime
1412 853 1725 917 nequam,
1786 839 1969 920 quasi
2005 836 2211 899 hone.

231 914 518 986 stiorem,
570 913 734 978 hane
777 853 1048 976 eaunfiam
1135 912 1492 985 raetexuit‚
1548 919 1763 995 potius
1804 921 1975 981 aeris
2014 921 2214 981 alieni

227 995 670 1084 magnitudine
690 1039 709 1067 ‚
755 1005 826 1057 ut
855 995 967 1054 alii
997 1013 1104 1052 mu
1135 991 1222 1061 ti,
1265 989 1346 1048 ad
1379 1011 1491 1051 res
1520 999 1842 1061 novandas
1869 1003 2209 1086 impulsus,

223 1079 402 1164 quod
442 1078 693 1140 servari
731 1097 803 1140 se
840 1074 1020 1159 poss'e
1053 1073 1123 1132 iu
1163 1070 1301 1130 otio
1339 1069 1743 1152 desperabat.

235 1181 251 1190 ’
347 1183 584 1250 xvm.
628 1185 889 1246 Idcirco
937 1177 1248 1240 tribunali
1297 1173 1473 1259 juxta
1523 1177 1741 1240 sellam
1787 1184 1858 1242 C.
1890 1187 2207 1248 Trebonii
2269 1184 2537 1236 caussam

223 1263 588 1333 collocato,
649 1266 706 1326 si
747 1263 897 1345 quis
937 1259 1339 1403 appellasset,
1399 1258 1642 1319 auxilio
1678 1259 1827 1322 fore
1859 1265 2205 1346 polliceba·
2234 1254 2535 1332 “⁶²{⁰⁷.”‘'⁸

221 1363 334 1417 tur
374 1345 812 1408 debitoribus.
901 1343 984 1405 Se
1051 1387 1068 1417 ‚
1114 1342 1260 1425 quia
1297 1339 1669 1402 Trebonius
1710 1341 1881 1422 juxta
1920 1345 2213 1408 Caesaris
2236 1335 2487 1388 ‘mmm’

228 1423 570 1492 constituta
607 1424 960 1506 judicabat,
1009 1443 1442 1505 summamque
1484 1423 1551 1481 in
1594 1425 1891 1486 omnibus
1931 1426 2219 1507 aequita-

225 1525 364 1574 tem
417 1522 608 1602 atque
655 1507 1168 1582 moderationem
1219 1504 1603 1578 adhibebat,
1666 1527 1859 1568 nemo
1914 1521 2219 1590 repertus

232 1590 360 1661 est,
423 1611 535 1672 qui
573 1587 898 1672 appellare
943 1589 1164 1650 vellet.
1249 1587 1335 1647 lis
1385 1586 1559 1647 enim
1607 1589 2016 1673 temporibus
2056 1597 2219 1649 non*-

233 1672 388 1732 dum
421 1683 590 1731 tanta
623 1669 960 1754 quisquam
990 1682 1134 1731 erat
1161 1667 1585 1752 impudentia,
1628 1685 1721 1743 ut,
1770 1691 1966 1753 quum
1998 1690 2069 1732 se
2102 1669 2217 1732 de·-

232 1754 394 1897 Repe
437 1751 791 1828 fateretur,
851 1753 1140 1836 integras
1179 1764 1408 1812 tenere
1452 1751 1872 1833 poss'ess'iones
1913 1773 2060 1814 suas
2095 1775 2219 1838 po·

285 1855 326 1894 u
351 1847 512 1896 aret.
2030 1839 2049 1848 ⁴

235 1951 246 1958 ·
349 1940 522 2000 xlx.
565 1939 820 2001 Idcirco
855 1939 1160 2009 Coelius,
1205 1933 1494 1997 ne'nihil
1532 1935 1817 2001 effeciss'e
1849 1938 2212 2016 fidei-etur,
2276 1931 2438 2008 lege}
2455 1939 2573 2006 fere

223 2019 442 2105 legem
477 2021 948 2104 promulgavit,
996 2019 1228 2102 sexenni
1257 2019 1382 2091 die,
1427 2018 1549 2100 Jt‘ne
1583 2017 1804 2102 ustitia,
1848 2023 2087 2082 creditae
2122 2041 2218 2102 pe·
2240 2025 2429 2063 “⁰⁰⁶⁴st
2630 2017 2651 2032 ⁵

226 2106 416 2164 cuniae
428 2100 808 2185 solverentur.
873 2101 948 2162 Id
977 2119 1236 2185 quoque
1266 2119 1499 2169 vanum
1529 2100 1855 2186 inceptum
1878 2103 2027 2177 fuit,
2062 2123 2219 2164 con-

230 2185 373 2246 sule
408 2184 694 2246 Servilio
731 2177 1196 2266 magistratibus
1245 2201 1328 2242 ue
1367 2179 1642 2264 reliquis
1679 2205 1842 2268 repu
1890 2183 2214 2248 nantibus.

229 2269 400 2327 Tum
431 2264 734 2340 Coelius,
794 2284 868 2327 ea
901 2265 1050 2346 lege
1090 2201 1375 2336 subllata,
1426 2262 1585 2324 duas
1624 2205 2059 2349 promulgavit
2096 2287 2219 2329 no-

227 2367 380 2411 vas:
441 2367 667 2420 unam,
729 2368 852 2432 qua
895 2343 1237 2407 mercedes
1275 2344 1747 2408 habitationum
1784 2369 2023 2430 annuas
2060 2370 2216 2411 con.

231 2425 614 2490 ductoribus
639 2428 952 2504 donabat3
991 2429 1258 2488 alteram
1280 2423 1639 2488 tabularum
1660 2449 1990 2493 novarum.
2036 2430 2217 2492 Haec

227 2523 299 2572 et
331 2525 510 2592 grata
547 2510 953 2572 tenuioribus
991 2521 1211 2581 erant,
1257 2521 1324 2570 et
1362 2507 1444 2568 ab
1480 2507 1743 2572 homine
1778 2512 2029 2573 diserto
2060 2510 2218 2592 jam-

228 2591 470 2653 dudum
516 2590 847 2654 seditiosis
891 2590 1316 2654 concionibus
1367 2590 1704 2654 alienatam
1740 2592 1999 2690 plebem
2035 2594 2218 2656 inve-

229 2673 516 2738 niebant.
601 2675 824 2736 Facile
878 2674 1081 2756 igitur
1125 2672 1390 2734 inducta
1442 2671 1571 2746 est,
1633 2688 1704 2736 ut
1747 2697 1815 2736 in
1855 2677 1925 2737 C.
1962 2673 2219 2736 Treboa

227 2755 408 2817 nium
441 2755 694 2820 faceret
730 2759 1078 2840 impetum,
1125 2763 1273 2817 eum
1321 2773 1428 2826 ue,
1472 2755 1831 2818 vulneratis
1860 2756 2214 2832 nonnullis,

226 2831 312 2982 {lte
349 2837 664 2979 tui-hunali
704 2837 1103 2903 deturbaret.
1187 2837 1274 2899 Se
1364 2835 1424 2898 is
1462 2835 1764 2922 quidem,
1823 2851 2061 2903 mutata
2098 2857 2213 2900 ve-

283 2939 362 2993 e,
441 2919 601 3002 ugit.
1914 2942 1944 2959 “

241 3076 249 3093 ,
349 3027 496 3088 XX.
553 3025 641 3086 At
674 3020 996 3086 Servilius
1031 3022 1294 3092 consul.
1337 3023 1669 3090 advocatis
1704 3043 1784 3088 ex
1813 3024 2053 3086 itinere
2088 3023 2212 3085 mi·
2274 3027 2409 3080 Fore
2427 3040 2477 3079 ee
2495 3043 2587 3080 eu.

225 3104 496 3179 litibus,
561 3107 675 3190 qui
730 3107 798 3167 in
845 3100 1122 3167 Galliam
1177 3103 1683 3181 destinabantur,
1748 3105 2079 3190 praesidio
2130 3124 2211 3166 ue
2234 3097 2325 3178 '²⁸⁴
2346 3099 2581 3152 “⁶¹⁸⁶''-

227 3189 358 3251 hoc
387 3189 629 3250 curiam
659 3188 958 3248 muniens
977 3229 994 3259 ,
1040 3185 1124 3247 de
1154 3183 1259 3248 his
1293 3190 1495 3252 rebus
1533 3189 1614 3248 ad
1647 3201 1935 3250 senatum
1964 3199 2065 3247 ret
2138 3186 2209 3247 it.
2232 3174 2349 3222 ’Μ’

227 3273 460 3332 Patres
499 3268 965 3330 removendum
1009 3290 1044 3327 a
1079 3271 1414 3349 republica
1453 3267 1749 3331 Coelium
1794 3280 2208 3334 censuerunt.

227 3355 474 3412 Tamen
505 3362 782 3435 propter
807 3347 1332 3410 interceffionem
1364 3349 1767 3411 tribunitiam
1795 3361 2212 3410 senatuscon-

227 3434 465 3496 sultum
502 3452 634 3494 non
671 3429 884 3514 potuit
919 3425 1103 3489 fieri:
1147 3429 1497 3491 auctoritas
1531 3429 1895 3514 perscripta
1926 3427 2033 3491 est.
2080 3428 2213 3492 Sed

226 3515 600 3587 consulem,
663 3513 912 3574 tabulas
961 3512 1178 3592 legum
1229 3511 1776 3596 promulgatarum
1824 3512 2055 3574 tollere
2098 3533 2211 3598 ag·

225 3599 525 3680 agrestum,
551 3595 822 3658 «Coelius
901 3615 974 3655 er
998 3593 1126 3655 vim
1151 3607 1220 3654 et
1243 3589 1635 3654 seditionem
1654 3595 1915 3677 repulit.
1972 3598 2215 3656 lterum

225 3675 390 3760 ergo
423 3691 719 3749 coactus,
770 3676 848 3737 ad
899 3675 1061 3736 ibito
1095 3674 1430 3759 praesidio
1453 3716 1471 3749 ‚
1521 3690 1783 3738 senatus
1806 3717 1823 3748 ‚
1868 3679 2061 3738 videre
2087 3698 2215 3736 con-

213 3759 425 3843 fidem,
476 3757 684 3838 justit,
731 3777 794 3814 ne
829 3759 962 3838 quid
997 3757 1296 3838 respublica
1331 3759 1649 3818 detrimenti
1682 3777 1987 3834 pateretur.
2068 3759 2211 3819 Hac

229 3854 496 3940 accepta
579 3835 862 3910 otestate,
909 3839 1134 3900 sellam
1166 3839 1378 3902 Coelii
1417 3838 1707 3902 curulem
1736 3838 1957 3924 fregit.
2002 3851 2066 3899 at
2097 3838 2211 3901 ille

225 3937 450 4009 posuit
497 3943 532 3982 a
560 3936 766 3983 teram
813 3919 974 3982 loris
1018 3923 1366 3996 intentam:
1423 3921 1618 3984 tacite
1658 3920 1940 3984 illudens
1976 3937 2211 3982 consu-

253 4111 652 4192 s'eap.3tvn.
689 4107 844 4164 Vell.
883 4105 1008 4163 Cic.
1044 4107 1180 4165 Dio.
1207 4107 1366 4191 Veli.
1419 4087 1802 4192 QaRJKVIlI.
1837 4107 2007 4168 Caes.
2061 4109 2209 4182 Cap·

149 4229 158 4240 .
228 4179 380 4238 xlx.
412 4182 551 4236 Dio.
627 4178 774 4252 Gap.
795 4177 919 4234 XX.
959 4175 1129 4237 Caes.
1163 4179 1300 4236 Dio.
1339 4178 1585 4260 Quintil.
1614 4177 1669 4250 6,
1701 4179 1758 4236 ὅ.
