2892 4684
1468 26 1479 53 ἱ

723 258 847 323 ⁶83
924 206 1324 335 rnmusn'.
1349 251 2166 321 suPPLEustonun
2195 251 2605 315 mecnx.

393 456 458 517 0.
478 478 530 515 ο.
553 462 678 529 723.
725 476 790 523 et
822 466 1041 523 tollere
1077 464 1276 521 malos
1311 466 1403 533 ei,
1439 482 1622 537 quam
1659 460 1903 538 efficere
1928 460 2149 530 bonos,
2185 458 2385 516 multo
2412 467 2509 515 est
2532 480 2693 533 pro..

391 532 460 587 A.
481 532 548 587 G.
575 550 665 603 ²9·
725 536 967 589 clivius.
1041 534 1121 587 At
1152 532 1293 600 illa,
1333 552 1518 607 quam
1545 534 1879 605 praecipio,
1916 530 2142 585 lenitas
2176 524 2449 582 incidere
2484 530 2553 583 in
2584 540 2687 585 ta·

726 603 818 658 lia
868 602 1124 673 ingenia
1168 609 1403 671 potest,
1462 618 1617 673 quae
1652 600 1850 656 latere
1886 596 2037 653 uitia
2072 614 2187 651 sua
2222 596 2683 673 existimando,

725 676 838 725 aut
874 674 1064 727 etiam
1099 666 1414 723 moderate
1451 669 1766 741 castig-ata
1799 663 2148 731 sentiendo,
2198 666 2425 719 iterum
2458 682 2685 734 pecca·

723 756 789 793 re
824 736 1090 806 pudeat.-
1128 734 1367 799 eadem,
1401 734 1738 807 publicatis
1772 730 2021 807 delictis
2054 733 2205 801 suis,
2243 740 2359 787 aut
2385 732 2683 787 acerbius

723 805 984 873 punitis,
1021 802 1451 859 uerecundiam
1486 811 1830 876 metumque
1867 799 2191 869 abste-iant,
2228 808 2679 873 et,.tamquam

721 872 980 946 gravius
1012 869 1170 926 nihil
1195 888 1481 940 passura,
1504 870 1760 941 frenum
1788 866 2239 935 cupiditatibus
2258 866 2498 921 laxent.
2536 868 2681 921 Hae

725 958 842 1013 ego
892 947 949 993 te
999 936 1419 993 moderatione
1466 942 1629 996 circa
1666 936 1897 993 delicta
1932 934 2247 989 hominum
2285 937 2553 1003 νεῖται-ῖς
2608 940 2682 989 at

721 1004 1006 1061 eumdem
1042 1008 1104 1061 in
1141 1005 1434 1061 ornandis
1469 1014 1631 1062 recte
1654 1005 1850 1078 factis
1883 1002 2284 1058 immodicum
2360 1000 2678 1073 refusum-

726 1091 842 1149 que
877 1074 1032 1129 volo·
1073 1076 1234 1129 Nam
1269 1080 1339 1127 ut
1370 1074 1460 1129 ibi
1488 1070 1960 1129 mansuetudine
1997 1078 2105 1125 tua
2142 1087 2289 1139 quos
2336 1088 2438 1123 am
2468 1088 2508 1123 a
2536 1088 2680 1141 pec-

711 1132 924 1201 *eando
958 1142 1274 1209 avocabis,
1312 1142 1404 1196 ita
1437 1140 1541 1198 hic
1576 1158 1777 1197 omnes
1816 1136 1898 1194 ad
1934 1136 2129 1213 officii
2164 1138 2531 1210 virtutisque
2568 1156 2679 1191 cu-

726 1227 863 1263 ram
900 1206 1329 1271 beneficiorum
1367 1210 1801 1283 magnitudine
1834 1204 2173 1281 pertrahes.
2211 1206 2430 1273 ‚Neque
2467 1222 2681 1259 verea-

725 1296 826 1342 re,
862 1295 936 1330 ne
970 1275 1213 1347 quando
1249 1285 1307 1332 te
1341 1280 1637 1345 pecuniae
1673 1274 1999 1343 deficiant,
2039 1280 2151 1329 aut
2185 1272 2339 1337 alia,
2379 1272 2543 1327 unde
2576 1272 2679 1326 be-

725 1342 1040 1414 nefacias.-
1078 1344 1405 1416 (quienim
1439 1346 1673 1415 possint
1709 1352 1797 1398 tot
1834 1351 2140 1399 terrarum
2180 1348 2363 1413 atque
2396 1342 2678 1395 marium

727 1413 1168 1495 Imperatorem
1191 1414 1222 1469 Τ
1272 1422 1334 1467 et
1367 1432 1482 1486 ego
1518 1422 1661 1467 ante
1699 1409 2046 1477 timuerim,
2102 1426 2175 1463 ne
2211 1406 2414 1463 desint
2449 1406 2675 1481 digni,

727 1480 946 1554 quibus
982 1478 1120 1545 des)
1160 1488 1272 1536 aut
1307 1498 1379 1535 ne
1416 1480 1653 1535 malam
1690 1478 1805 1533 tibi
1836 1476 2239 1551 gratiam„sic
2274 1474 2482 1529 habiti
2518 1475 2677 1548 rese·

726 1556 890 1603 rant.
931 1546 1176 1601 nullum
1212 1550 1374 1602 enim
1403 1558 1542 1613 tam
1579 1554 1820 1621 agreste
1858 1564 1930 1599 ac
1948 1540 2163 1617 ser-uni
2203 1552 2293 1599 est
2320 1545 2671 1615 ingenium,

724 1614 887 1689 quod
921 1632 1071 1679 non,
1121 1622 1192 1669 ut
1226 1614 1360 1669 alia
1397 1615 1640 1671 vincula
1676 1612 2005 1687 spreverit,
2042 1610 2279 1667 duobus
2313 1610 2409 1666 his
2445 1614 2533 1666 sit
2566 1610 2673 1666 do-

722 1680 990 1738 mabile.-
1044 1682 1102 1736 si
1147 1699 1358 1757 nempe
1404 1702 1511 1739 nec
1555 1678 1854 1753 injuriam
1894 1680 2211 1751 patiatur,
2269 1687 2331 1733 et
2366 1676 2673 1743 beneficia

721 1752 975 1805 sentiat.
1059 1750 1509 1823 Propemodum
1546 1750 1825 1823 exegisse
1863 1747 2103 1813 videor,
2159 1746 2407 1820 qualem
2456 1745 2670 1801 adver·

719 1835 828 1873 sus
862 1818 1034 1873 varia
1072 1826 1410 1874 ceterorum
1443 1836 1673 1891 genera
1713 1823 1771 1872 te
1802 1832 2018 1889 gerere
2054 1813 2279 1869 debeas
2301 1834 2319 1868 .·
2356 1812 2671 1887 reliquum

723 1892 848 1947 est,
904 1892 974 1939 ut
1019 1882 1388 1955 edisseram,
1444 1882 1960 1959 quemadmodum
2010 1879 2373 1938 versandum
2423 1882 2492 1938 in
2537 1880 2671 1950 bis,

725 1969 882 2027 quae
919 1949 1003 2008 ad
1038 1958 1098 2007 te
1130 1955 1475 2027 pertinent,
1508 1954 1796 2009 sentiam.

2422 2008 2467 2023 Ὦ

397 2093 684 2149 Honorum>
843 2087 1036 2149 Lxu.
1093 2097 1165 2155 In
1200 2098 1550 2155 universum
1585 2100 1851 2171 recipere
1884 2095 2092 2155 nullos
2125 2081 2385 2155 honores
2421 2118 2459 2157 a
2489 2114 2667 2155 sena·

352 2162 696 2223 §munuum
726 2176 798 2225 tu
833 2174 946 2224 aut
979 2168 1457 2241 quibuscumque
1492 2164 1734 2223 delatos
1768 2164 1986 2233 debes,
2047 2168 2153 2240 qui
2192 2168 2389 2223 verbis
2426 2176 2539 2223 aut
2572 2186 2668 2221 re·

355 2230 697 2304 mundym·-
727 2237 839 2292 bus
878 2235 970 2293 ali
1011 2233 1126 2290 uid
1155 2232 1428 2288 habeant
1460 2234 1751 2292 insolitae
1791 2232 2221 2306 adrogantiae.
2311 2238 2471 2291 Nam
2506 2244 2667 2290 cete-

355 2312 483 2354 un·
725 2306 814 2359 ris
862 2304 968 2377 qui
1014 2321 1110 2357 em
1156 2320 1194 2355 a
1242 2306 1301 2354 te
1333 2300 1597 2374 profecti
1628 2295 1884 2357 honores
1921 2310 2281 2357 ornamento
2316 2310 2487 2371 sunt,
2542 2302 2671 2357 tibi

727 2388 866 2426 vero
902 2369 1053 2448 quid
1088 2366 1230 2425 dari
1255 2376 1459 2441 potest
1488 2371 1602 2435 iis,
1636 2388 1795 2445 quae
1824 2367 2046 2437 habes,
2086 2371 2453 2443 augustius?
2488 2370 2656 2443 Quin

724 2448 789 2495 et
822 2437 1208 2494 adulationis
1241 2438 1650 2509 suspicionem
1687 2440 1788 2491 uix
1821 2430 1941 2507 effu
1992 2436 2078 2504 it,
2132 2435 2421 2509 quidquid
2462 2438 2654 2505 impe·

725 2507 896 2563 ranti
931 2504 1298 2559 decernitur.
1366 2523 1474 2560 nee
1508 2508 1669 2560 enim
1705 2504 1891 2558 aliter
1925 2452 2278 2560 ‹ficreturos
2295 2503 2487 2575 fuisse
2524 2520 2658 2559 cre·

727 2574 932 2631 ditur.-
969 2571 1298 2645 eodemque
1331 2588 1461 2627 rem
1495 2572 1731 2641 redire,
1764 2578 1837 2626 at
1894 2592 1951 2628 te
1984 2576 2039 2626 si
2072 2572 2195 2626 sibi
2228 2574 2344 2643 ipsi
2375 2574 2580 2644 prince
2628 2592 2659 2629 s

723 2644 849 2698 ista
893 2640 1332 2717 gratificetur,
1383 2659 1506 2695 non
1541 2639 1720 2695 modo
1755 2658 1837 2693 nu
1870 2640 1999 2695 lum
2032 2638 2176 2694 inde
2211 2638 2522 2695 relaturus
2601 2660 2661 2694 e·

727 2706 1023 2775 eus,»'sed
1059 2704 1402 2763 ludibrium
1440 2706 1607 2763 ultro
1643 2704 1983 2763 debiturus.
2063 2710 2155 2763 Tu
2202 2724 2340 2761 vero
2385 2710 2663 2783 egregiis

711 2776 914 2853 factis
960 2792 1192 2847 augere
1222 2772 1474 2843 famam
1508 2782 1847 2831 memento.-
1895 2783 2143 2832 statuas
2175 2772 2269 2830 vel
2303 2791 2528 2830 aureas
2564 2773 2662 2831 vel

730 2846 1238 2917 argenteas-poni
1269 2852 1425 2897 veta.
1478 2861 1773 2917 magnam
1808 2844 1967 2899 enim
2000 2842 2155 2899 illae
2186 2844 2524 2909 impensam
2554 2861 2663 2917 po-

727 2912 1002 2979 stulant,
1037 2918 1133 2974 et,
1164 2912 1278 2966 ubi
1314 2911 1571 2975 vixeris,
1610 2912 1877 2967 avaritia
1914 2919 2028 2967 aut
2054 2912 2419 2967 necessitate
2451 2928 2656 2984 super-

718 2982 943 3034 ·stitum
980 2978 1433 3045 conflabuntur.
1473 2987 1647 3035 tuum
1682 2998 1831 3049 opus
1864 2981 1945 3034 sit
1978 2976 2418 3061 benefaciendo
2447 2979 2562 3034 tibi
2589 2980 2659 3035 in

727 3048 954 3101 animis
999 3054 1246 3101 tuorum
1290 3045 1735 3113 pulcherrimas
1754 3047 2077 3119 fabricare
2111 3048 2451 3119 imagines,
2506 3064 2656 3120 quas

721 3114 908 3170 nuilla
943 3123 1057 3169 aut
1089 3113 1404 3169 hominum
1441 3122 1555 3170 aut
1588 3123 1925 3185 temporum
1956 3113 2191 3189 injuria
2227 3124 2602 3188 corrumpat.

399 3253 704 3330 huelp-⁶!
842 3250 1100 3309 Imma·
1121 3258 1246 3316 Sed
1275 3274 1487 3333 neque‘
1512 3259 1807 3337 templum
1840 3262 2078 3316 exstrui
2108 3260 2228 3317 tibi
2256 3262 2391 3316 sine
2409 3282 2427 3315 ε
2479 3280 2655 3329 prae·

351 3330 678 3385 diuturna·
713 3338 857 3387 'stat
896 3331 966 3385 'in
991 3336 1106 3384 'res
1153 3330 1529 3383 necessarias
1580 3326 1882 3401 ejusmodi
1926 3335 2205 3395 sumptus
2248 3348 2651 3401 compare-ere.

721 3416 828 3455 ma
919 3414 990 3452 as
1023 3396 1185 3453 enim
1221 3396 1476 3451 divitias
1506 3398 1773 3465 rectius,
1826 3414 2026 3465 pauca
2062 3394 2417 3479 eroganda,
2472 3416 2668 3471 quam,

723 3486 831 3523 mu
863 3474 927 3519 ta
963 3461 1332 3536 adcipiendo
1353 3499 1370 3529 ‚
1413 3466 1758 3547 paraveris.
1845 3462 1967 3519 Sed
1997 3481 2190 3533 neque
2226 3464 2483 3520 divitiae
2517 3465 2654 3539 glo-

723 3536 886 3591 riam
913 3530 1284 3599 bom‘inibus,
1321 3550 1469 3605 quzn
1502 3532 1687 3587 immo
1724 3532 1915 3586 uirtus
1949 3531 2275 3588 conciliat.-
2312 3548 2469 3615 quae
2498 3532 2660 3587 mul·

723 3610 820 3658 tos
855 3604 920 3656 in
995 3620 1068 3655 ar
1096 3600 1239 3655 Diis
1257 3599 1601 3673 fastigium
1636 3601 1925 3672 reposuit.
1967 3606 2035 3654 at
2067 3596 2392 3673 suffragiis
2426 3610 2655 3655 morta·

722 3670 880 3725 lium
978 3686 1085 3726 eus
1126 3684 1302 3722 nemo
1332 3665 1554 3738 sactus
1594 3675 1704 3721 est.
1784 3667 1990 3739 Igitur
2020 3676 2186 3721 recte
2223 3676 2407 3741 atque
2442 3666 2655 3724 ordine

686 3737 1054 3811 ,imperanti
1099 3742 1264 3790 totus
1309 3735 1474 3790 orbis
1518 3752 1692 3790 sacer
1723 3736 1873 3802 erit,
1928 3752 2133 3789 omnes
2166 3736 2345 3804 urbes
2381 3736 2651 3807 templa,

721 3822 928 3861 omnes
975 3802 1250 3858 homines
1298 3800 1660 3865 simulacra.
1727 3820 1873 3857 nam
1917 3802 2191 3875 ipsorum
2234 3804 2300 3859 in
2347 3804 2656 3859 mentibus

719 3890 860 3928 eum
892 3870 1104 3944 gloria
1138 3867 1561 3925 collocaberis.
1616 3888 1789 3925 secus
1834 3880 2044 3934 autem
2090 3874 2333 3927 utentes
2372 3873 2656 3940 potentia

717 3956 828 3993 nec
862 3938 1191 3994 honestant
1223 3936 1408 4001 talia,
1445 3936 1596 3994 lieet
1628 3937 1909 3993 omnibus
1939 3938 2280 4011 iri-populis
2306 3947 2653 4010 ponantur.-

710 4004 827 4065 sed
843 4024 1055 4063 eorum
1075 4012 1312 4079 augent
1332 4007 1616 4071 erimina,
1654 4004 1815 4081 quod
1842 4010 2161 4079 tamquam
2190 4014 2654 4131 tropaeadquae-

2482 4090 2586 4130 am
