2892 4684
654 248 747 312 m
790 243 1091 310 Locum
1138 243 1306 306 Lm.
1356 242 1555 310 CXV.
1599 245 1831 312 Lrvn.
2127 243 2248 306 213
2285 230 2298 238 ’

258 363 2246 408 ....-.-..--ὶ----·--------------

257 461 375 522 ubi
424 463 625 518 naves
668 454 964 518 habebat.
1049 458 1305 519 Interea
1342 459 1582 519 Caesar
1617 451 1978 518 Cordubam
2019 454 2246 537 profe-

260 555 408 604 etus
440 537 563 616 est3
608 538 785 617 cuius
821 538 1099 600 adventu
1124 539 1416 622 Scapula,
1461 540 1712 622 primus
1749 557 1975 599 eorum
2012 538 2246 597 tumul·

260 635 448 689 tuum
488 633 729 690 auctor,
771 641 868 682 ma
916 617 1113 680 niflce
1150 623 1333 703 prius
1371 623 1689 704 epulatus,
1731 619 2018 701 jugulum
2050 637 2244 680 servo

316 703 582 764 raebuit.
670 702 889 762 Cordu
934 722 1009 762 ae
1047 721 1273 784 magna
1315 717 1454 764 erat
1489 701 1858 772 discordia,
1927 699 2090 783 ipsis
2130 699 2246 761 de-

261 726 425 848 gere
464 784 871 867 cupientibus
906 782 1253 866 oppidum,
1302 782 1749 846 resistentibus
1791 784 2034 854 servis,
2085 801 2248 864 quo-

262 887 407 942 rum
440 867 767 949 ingentem
804 867 933 925 vim
970 865 1318 948 Pompeius
1353 879 1732 927 armaverat.
1793 865 1874 936 ii,
1923 885 2115 947 quum
2149 863 2250 924 le-

262 948 491 1032 giones
532 947 831 1011 Caesaris
878 946 1089 1029 recipi
1142 946 1482 1020 viderent,
1543 946 1892 1008 incendere
1933 967 2018 1028 op
2067 945 2248 1008 idum

260 1042 642 1114 coeperunt.
722 1026 840 1089 sed
888 1028 1189 1111 ‚superati
1228 1051 1281 1090 ·a
1326 1029 1604 1090 Julianis
1651 1029 1988 1111 perierunt
2082 1029 2248 1089 omi-

256 1133 413 1174 num
459 1111 731 1174 circiter
770 1111 973 1172 millia
1016 1109 1147 1170 duo
1190 1123 1259 1172 et
1305 1111 1578 1192 viginti,
1649 1129 1778 1170 non
1821 1127 2247 1171 connumera-

254 1193 529 1340 Eisaflui
561 1206 743 1256 extra
774 1213 1028 1255 murum
1058 1190 1469 1256 ceciderant:
1493 1193 1808 1277 ,reliquos
1829 1187 2066 1252 Caesar
2085 1211 2248 1254 ven-

312 1300 333 1339 ι
382 1290 452 1339 tt.
1995 1291 2000 1298 ·

384 1407 613 1470 Lvm.
672 1403 829 1468 Inde
866 1407 1185 1493 Hispalim
1226 1407 1425 1482 itum,
1469 1403 1742 1468 divisam
1779 1418 1845 1468 et
1881 1401 2086 1488 ipsam
2125 1399 2248 1464 ss'u-
2309 1410 2382 1462 Ee
2399 1409 2602 1485 Hispa-

259 1487 394 1549 diis
437 1501 628 1572 atque
667 1487 1080 1552 factionibus.
1174 1492 1416 1574 Igitur,
1463 1510 1657 1573 quum
1705 1488 1903 1570 legati
1954 1487 2119 1549 mim
2168 1484 2248 1546 ad
2272 1477 2394 1534 15¹⁸·

258 1571 606 1638 Caesarem
652 1570 1047 1654 praesidium
1095 1572 1173 1634 ab
1215 1592 1295 1634 eo
1336 1572 1873 1657 praefectumque
1917 1569 2256 1632 Caninium

259 1651 792 1725 introduxiss'ent,
839 1653 1034 1714 Philo
1067 1653 1357 1738 quidam,
1403 1651 1936 1734 Pompeianarum
1967 1651 2250 1734 partium

261 1733 617 1797 acerrimus
656 1732 1009 1810 defensor,
1070 1737 1229 1797 clam
1277 1734 1356 1796 ad
1394 1733 1746 1808 Caecilium
1779 1734 2050 1816 Nigrum
2090 1753 2250 1816 pro-

140 1871 149 1880 ,
258 1814 511 1888 fectus,
577 1837 931 1900 magnaque
984 1818 1060 1879 ab
1105 1836 1183 1878 eo
1221 1817 1680 1878 Lusitanorum
1721 1827 1982 1898 accepta
2018 1835 2244 1886 manu,

257 1911 457 1958 noctu
494 1919 615 1981 per
646 1920 898 1960 murum
924 1899 1329 1962 intromiss'us
1366 1897 1488 1968 est,
1536 1897 1959 1978 Caesarisque
1995 1895 2248 1978 praesi-

262 1978 439 2040 dium
476 1979 835 2042 interfecit.
922 1987 1194 2052 Caesar,
1254 1981 1309 2042 si
1354 1975 1645 2040 infestius
1685 1999 1768 2062 op
1818 1989 2090 2060 ugnaret
2128 1977 2246 2038 oh-

262 2059 532 2131 sess'um,
592 2081 677 2121 ne
724 2061 1033 2146 oppidum
1078 2085 1113 2124 a
1152 2062 1518 2145 desperatis
1563 2059 1753 2120 incen
1807 2073 2027 2120 eretur
2072 2059 2251 2121 veri-

260 2153 409 2213 tus,
477 2144 777 2204 consulto
823 2161 893 2204 se
944 2146 1087 2206 nius
1128 2141 1554 2206 administrari
1594 2142 1806 2203 omnia
1845 2139 2051 2216 iamt,
2116 2160 2249 2222 quo

264 2233 463 2306 spem·
496 2216 731 2306 effugii
770 2246 925 2308 prae
976 2216 1464 2288 eret'hossibus.
1567 2229 1704 2286 Nec
1758 2223 1984 2294 aliter,
2058 2243 2250 2303 quam

245 2302 694 2387 cogitaverat,
744 2307 1003 2368 factum.
1090 2309 1467 2391 Eruperunt
1510 2305 1646 2377 illi,
1693 2317 1796 2376 et,
1841 2304 2128 2364 incensis
2167 2301 2251 2365 ad

258 2385 500 2449 :flumen
524 2387 774 2449 Baetim
802 2389 1099 2462 navibus,
1145 2411 1272 2488 quo
1313 2389 1708 2450 distinerent
1734 2386 2049 2456 Julianus,
2093 2406 2254 2469 pro-

258 2467 557 2554 fugiunt:
602 2469 785 2532 seda
816 2484 1220 2556 praeparatis
1253 2485 1401 2533 ante
1435 2469 1766 2554 equitibus
1797 2467 2256 2530 conciduntur·

386 2602 553 2660 LIX.
616 2602 727 2663 Sic
756 2602 1017 2685 Hispali
1052 2616 1355 2686 recepta,
1403 2622 1636 2676 versus
1671 2599 1877 2664 Aliam
1919 2597 2252 2682 process'it,

238 2679 438 2749 dee
476 2681 677 2763 legati
710 2697 1023 2744 venerant
1058 2683 1369 2768 oppidum
1406 2682 1760 2746 dedentes:
1806 2697 1906 2752 et,
1953 2681 2020 2740 in
2057 2680 2256 2740 itine-

263 2782 342 2823 re
377 2763 764 2855 oppugnatis
788 2805 805 2834 ,
860 2785 1025 2847 quae
1062 2765 1481 2839 resistebant,
1528 2765 1609 2828 ad
1643 2763 2052 2842 Carteienses
2094 2780 2254 2822 con-

260 2843 515 2914 tendit,
562 2865 835 2926 quorum
871 2847 1067 2926 legati
1099 2848 1484 2932 Pompeium
1522 2849 1588 2908 in
1633 2867 1745 2908 sua
1831 2841 2088 2906 otestate
2119 2841 2255 2903 effe

262 2925 831 2988 renunciaverunt.
914 2927 1049 2987 Sed
1095 2947 1169 2987 ea
1208 2950 1469 3013 quoque
1510 2930 1739 2994 civitas
1819 2925 2148 2987 iscess'erat
2183 2923 2256 2982 in

264 3019 523 3091 partes,
570 3019 671 3072 et.
718 3026 794 3068 re
826 3008 1088 3090 cognita
1112 3049 1128 3078 ‚
1172 3023 1399 3090 portae
1439 3026 1596 3073 sunt.
1620 3033 1653 3072 a
1688 3007 2102 3092 Pompeianis
2141 3023 2258 3086 oc-

267 3102 555 3171 cupatae.
643 3089 963 3160 Tandem,
1010 3109 1235 3171 magna
1278 3091 1548 3152 excitata
1589 3091 1953 3161 seditione,
2002 3102 2068 3150 et
2109 3105 2256 3149 cae-

270 3169 355 3232 de
389 3169 596 3243 edita,
642 3171 901 3232 saucius
935 3170 1207 3231 humero
1239 3171 1588 3253 Pompeius
1619 3193 1818 3235 naves
1851 3171 2113 3254 triginta
2143 3187 2254 3230 oc·
2303 3173 2404 3226 cn.
2427 3171 2631 3245 Pompe.

268 3265 460 3335 cupat
509 3253 774 3334 longas,
838 3254 1055 3335 iisque
1099 3251 1416 3334 profugit.
1491 3255 1645 3326 sed,
1706 3266 2042 3338 premente
2079 3242 2506 3320 fatodt'svsm

264 3331 419 3396 dum
462 3334 791 3417 navigium
835 3333 1251 3406 conscendit,
1314 3332 1608 3397 funiculo
1648 3335 1936 3396 irretivit
1975 3333 2208 3416 pedem
2233 3373 2253 3405 ,

265 3428 336 3477 et
372 3416 742 3478 accelerans
779 3413 1071 3499 quidam,
1117 3414 1435 3510 ferroque
1473 3415 1860 3497 abrumpere
1895 3415 2258 3476 funiculum

266 3496 535 3568 volens,
582 3494 905 3558 sinistrum
953 3497 1091 3578 ejus
1136 3515 1287 3558 crus
1321 3495 1576 3558 incidit.
1677 3499 2023 3579 Comperta
2057 3499 2258 3556 Pom-

268 3575 405 3659 peji
442 3577 589 3659 fuga
624 3582 695 3641 C.
726 3579 989 3640 Didium
1011 3622 1029 3653 ,
1074 3579 1186 3665 qui
1216 3577 1508 3639 Gadibus
1547 3577 1722 3640 claffi
1751 3591 2091 3659 praeerat,
2139 3595 2256 3638 ex-

270 3655 529 3728 citavit,
596 3674 667 3722 ut
714 3661 875 3720 mari
930 3683 1073 3724 eum
1126 3673 1435 3743 terraque
1489 3671 2025 3745 persequeretur.
2121 3658 2258 3719 Sed

265 3737 660 3826 Pompeiana
703 3741 947 3818 clanis,
1008 3743 1205 3806 nullis
1241 3743 1442 3808 rebus
1483 3743 1725 3828 paratis
1761 3727 2092 3826 protecta.
2153 3739 2264 3800 51¹-

261 3930 265 3936 '
336 3931 483 4000 Cap.
508 3925 695 3980 LVII.
756 3926 1015 3996 Strabo,
1050 3929 1094 3986 1.
1122 3931 1285 4012 321».
1324 3923 1443 3996 1'41.
1493 3887 1635 4012 pio.
1669 3927 1949 4003 Appiam
2018 3927 2157 4010 Οἱς..
2183 3923 2260 3984 ad

266 4000 429 4052 Fam.
460 4015 527 4066 9,
570 3997 647 4051 13.
701 3993 874 4078 Aput.
914 3995 985 4050 de
1020 3999 1091 4050 B.
1125 4001 1293 4074 Hisp.
1354 3999 1606 4071 Appian.
1665 3999 1834 4054 Auct.
1876 3995 1948 4054 de
1982 3999 2048 4054 B.
2087 3997 2256 4068 Hisp-

266 4065 647 4210 ἓὲἪΡῶξῗῖῑ
670 4068 824 4194 31:32·
850 4063 1418 4214 &3333030'25‘3
1451 4066 1892 4210 ⁶2⁸.¹}1.p⁰‘¹¹’·
1913 4069 2058 4124 ¹⁴¹⁸·
2083 4065 2257 4150 *¹²⁰⁹
