2892 4684
638 282 759 355 432
815 276 1219 377 FREINSH.
1246 272 2088 340 SUPPLEMENTORUM
2107 272 2256 333 Lm.
2279 268 2633 390 Lxx'xlx.

638 403 2630 463 „mm-„ff-

294 484 370 545 U·
404 504 464 543 θ·
490 500 618 557 ‘7¹0-
643 500 841 571 super
870 506 1073 549 coena
1104 504 1227 570 pro
1266 482 1560 571 sapiente
1593 485 1933 558 differens,
1977 481 2416 567 exspectabat.
2473 481 2632 543 Cas-

298 558 377 613 A·
404 559 475 613 C·
506 562 599 627 4²·
642 571 781 632 sius
812 570 1009 633 solito
1036 568 1299 641 tristior,
1344 567 1816 652 comprehensa
1841 566 2182 629 Messallae
2211 566 2478 639 dextra3
2531 564 2632 638 Te,

640 653 854 736 inquit
872 692 889 725 ,
938 652 1197 732 Meffalla
1218 693 1235 723 ,
1280 651 1476 727 ustor,
1524 652 1729 733 ‘Magon'
1755 652 2002 733 Pompejt'
2020 650 2153 728 suto
2182 668 2264 706 me
2293 650 2522 726 urgeri,
2569 666 2636 705 ut

641 738 709 795 de
728 736 915 816 jalute
944 742 1160 813 patriae
1194 752 1301 791 uno
1328 733 1534 812 proelio
1559 733 1866 795 decernam.
1949 730 2049 809 Est
2081 748 2260 789 tamen
2289 732 2350 785 in
2382 726 2639 787 Fortuna

641 815 891 877 nonnihil
918 816 1038 897 spei
1056 856 1073 888 ,
1130 834 1267 895 quae
1300 815 1584 875 interdum
1623 812 1761 873 male
1793 810 2036 891 consulta
2069 813 2324 889 corrigit.
2429 809 2642 873 Simul

644 895 947 960 invitavit
981 896 1329 959 Mess'allam
1376 894 1456 957 ad
1505 915 1770 960 coenam
1823 890 2160 979 sequentis
2209 890 2382 968 diei,
2439 911 2640 974 quem

644 979 1093 1042 celebraturus
1132 990 1273 1039 erat
1301 978 1598 1041 natalem.

286 1056 535 1146 'Antonii
562 1105 619 1140 o·
766 1086 878 1149 VI.
923 1087 1091 1145 Dum
1140 1084 1243 1147 his
1290 1083 1355 1144 in
1400 1081 1620 1147 eastris
1664 1082 1826 1147 haee
1859 1096 2210 1167 geruntur,
2269 1078 2634 1158 Antonius,

264 1177 375 1232 μ’
406 1158 479 1209 “a
494 1174 621 1226 pro-
646 1168 859 1227 omnia
896 1167 1169 1229 volvens
1202 1168 1452 1239 animo,
1513 1178 1585 1226 ut
1619 1165 1700 1227 ad
1731 1168 2056 1249 proelium
2090 1168 2364 1228 eliceret
2395 1164 2636 1239 hostes,

262 1225 621 1363 xzaedgx’
646 1250 941 1312 insanum
982 1266 1147 1331 opus
1188 1249 1408 1310 moliri
1456 1246 1710 1331 coepit,
1771 1248 2013 1332 munita
2057 1270 2180 1332 per
2266 1248 2488 1309 aludes
2531 1249 2641 1311 via

270 1374 506 1421 „mmm
578 1322 600 1339 ⁶
648 1330 1140 1392 subvectionem
1183 1352 1217 1391 a
1252 1328 1474 1391 'I'haso
1514 1344 1978 1390 commeatuum
2013 1272 2439 1415 imperiliendi.
2504 1330 2637 1412 igi..

644 1424 788 1485 tur,
847 1409 1110 1483 structa,
1156 1411 1252 1473 uti
1300 1432 1498 1497 saepe
1537 1424 2003 1486 consueverat,
2055 1414 2230 1485 acie,
2279 1413 2438 1474 clam
2481 1412 2638 1473 inde

650 1494 985 1557 subdu‘ctis
1024 1493 1445 1568 cohortibus,
1505 1494 1648 1553 dies
1686 1506 2046 1577 noctesque
2088 1514 2334 1557 summo
2373 1494 2642 1555 silentio

636 1575 922 1659 ,urgebat
950 1575 1301 1659 inceptum.
1360 1575 1678 1637 arundine
1721 1570 1977 1637 detecta
2009 1576 2366 1655 jaciebatur
2402 1596 2640 1657 agger,

648 1673 755 1731 et,
800 1678 884 1718 ne
918 1656 1323 1719 dilaberetur
1355 1658 1423 1717 in
1459 1656 1715 1724 lubrica
1747 1660 2060 1741 voragine
2091 1658 2322 1721 humus
2347 1703 2364 1729 ‚
2411 1660 2644 1719 utrim-

649 1760 777 1824 que
813 1739 1264 1801 includebatur
1302 1740 1625 1801 maeeriet
1669 1735 1781 1800 ubi
1819 1739 2214 1822 profundior
2255 1754 2396 1801 erat
2431 1740 2639 1822 palus,

647 1823 885 1883 vallum
913 1821 1346 1901 injiciebatur,
1380 1835 1444 1883 et
1468 1832 1702 1904 pontes
1727 1819 2192 1885 sternebantur.
2241 1842 2323 1883 ne
2417 1841 2454 1881 e
2481 1839 2640 1882 con·

648 1904 817 1986 spici
860 1906 939 1965 ab
976 1902 1155 1964 hoste
1186 1904 1556 1965 munientes
1590 1915 1928 1985 poterant,
1987 1905 2231 1987 quippe
2271 1926 2346 1965 re
2375 1904 2517 1963 ictis
2555 1902 2634 1962 ab

647 1987 826 2047 omni
862 1998 1047 2068 parte
1082 1986 1256 2046 circa
1294 1986 1462 2046 viam
1503 1984 1907 2045 arundinetis
1943 1988 2470 2069 protegebantur.
2519 1984 2635 2044 de-

650 2086 789 2127 cem
826 2068 1057 2128 diebus
1092 2066 1219 2128 hoc
1258 2066 1628 2149 perfectum
1665 2086 1829 2150 opus
1865 2065 1987 2129 est:
2032 2068 2186 2129 inde
2223 2088 2348 2156 per
2383 2080 2641 2127 noctem

650 2149 984 2232 expeditas
1027 2148 1333 2211 cohortes
1380 2163 1870 2220 transcurrere,
1931 2162 2027 2220 et,
2094 2150 2426 2234 occupatis
2476 2149 2643 2209 ulte-

650 2232 943 2295 rioribus
986 2230 1189 2302 locis,
1240 2229 1512 2293 excitari
1557 2229 1790 2291 crebra
1832 2228 2078 2293 castella
2116 2231 2308 2311 juffit.

310 2354 541 2410 cauea,
560 2366 613 2410 et
779 2338 919 2399 Vll.
982 2338 1309 2419 Sequutus
1357 2334 1443 2397 est
1489 2334 1670 2408 dies,
1733 2336 1799 2396 in
1843 2354 2032 2419 quem
2073 2354 2362 2422 pugnare
2397 2337 2642 2403 Cass'ms

274 2425 498 2481 Brutus
526 2427 602 2477 u·-
657 2425 849 2503 atque
877 2422 1119 2479 Brutus
1152 2416 1632 2479 constituerant.
1729 2416 1985 2480 Idcirco
2023 2420 2230 2503 prima
2267 2420 2414 2481 luce
2449 2421 2643 2503 puni.

278 2513 447 2566 μ’*
484 2512 582 2563 pu..
657 2520 777 2562 ceo
820 2500 1045 2582 sagulo
1084 2501 1429 2582 proposito
1470 2498 1785 2559 admoniti
1824 2514 1970 2573 sunt
2003 2502 2280 2563 milites:
2326 2516 2390 2566 et
2419 2501 2642 2565 medio

274 2579 413 2643 ἔμ’
436 2563 596 2618 δ”ἢ
654 2584 833 2643 inter
876 2595 1151 2664 utraque
1200 2578 1394 2640 castra
1441 2580 1652 2663 spatio
1693 2582 2017 2664 congress'i
2063 2584 2493 2666 imperatores
2535 2608 2648 2645 su-

653 2680 950 2749 premum
992 2664 1345 2723 salutarunt
1377 2661 1692 2735 invicem,
1755 2664 2313 2749 communiterque
2347 2664 2645 2739 decreto,

654 2745 977 2805 vincendum
1017 2742 1155 2825 effe,
1215 2764 1345 2815 aut,
1390 2742 1453 2821 fi
1475 2743 1747 2823 proelium
1781 2746 2106 2843 improspere
2146 2746 2395 2826 cefftjset,
2443 2748 2644 2830 sponte

654 2828 961 2887 exuendum
986 2829 1179 2897 vitam,
1226 2824 1305 2884 ad
1346 2845 1460 2884 sua
1495 2824 1712 2885 munia
1750 2824 1998 2887 diversi
2035 2842 2487 2911 perrexerunt.
2553 2831 2644 2895 At

656 2908 900 2970 Gallius
922 2946 939 2981 ‚
986 2908 1131 2969 viso
1162 2900 1430 2967 Antonii
1467 2918 1728 2979 conatu,
1773 2908 2097 2969 audaciam
2131 2908 2402 2971 hostium
2435 2926 2500 2973 et
2527 2932 2641 2971 va·

652 2990 903 3053 fritiem
940 2985 1229 3084 stupens,
1292 2988 1682 3049 abscindere
1718 2988 2024 3051 cohortes
2060 2990 2331 3052 hostiurn
2371 3014 2406 3052 a
2441 2992 2644 3073 majo-

654 3070 840 3132 ribus
884 3068 1105 3133 castris
1144 3067 1451 3142 instituit,
1508 3072 1934 3132 transversim
1976 3091 2098 3154 per
2135 3072 2404 3155 paludes
2443 3094 2644 3157 agge-

655 3170 793 3213 rem
829 3152 1163 3225 ducendo,
1207 3164 1307 3225 ut,
1354 3151 1664 3213 intercisa
1694 3152 1798 3215 via
1827 3153 2228 3228 Antoniana,
2274 3176 2396 3217 nec
2431 3176 2502 3217 se
2534 3176 2646 3217 re·-
2705 3148 2722 3167 ⁸

654 3233 881 3319 cipere
926 3234 1233 3296 cohortes
1255 3276 1271 3307 ,
1322 3241 1445 3295 nec
1481 3236 1782 3317 accipere
1820 3234 2052 3295 auxilia
2090 3258 2122 3297 a
2159 3238 2293 3299 suis
2323 3238 2598 3321 poss'ent.

334 3352 603 3409 Proelium
780 3341 947 3407 Vm.
1008 3342 1132 3402 His
1182 3340 1691 3421 animadversis,
1753 3340 1872 3402 sub
1927 3340 2266 3403 meridiem
2316 3341 2646 3407 Antonius

268 3426 635 3481 comninetur.
661 3424 883 3487 eduxit
938 3422 1188 3498 aciem,
1250 3436 1349 3495 et,
1416 3421 1496 3483 ad
1553 3422 2153 3507 interrumpendum
2201 3423 2394 3486 cami
2439 3445 2646 3511 opus,

440 3520 459 3537 ”
656 3520 923 3591 praeter
966 3500 1161 3567 castra
1196 3504 1388 3565 Bruti
1443 3503 1664 3565 subire
1717 3524 1872 3566 suos
1919 3504 2187 3589 obliquo
2225 3525 2420 3567 cursu
2451 3502 2648 3583 iuffit.

658 3596 745 3651 At
780 3588 970 3651 Bruti
1007 3584 1287 3659 milites,
1345 3591 1407 3647 id
1440 3607 1571 3647 vero
1607 3586 1887 3667 indiguum
1925 3586 2052 3666 effi,
2116 3588 2549 3659 conclamant,
2591 3586 2659 3669 [ι

656 3688 883 3754 praeter
930 3689 1029 3729 ora
1064 3670 1170 3750 fica
1220 3690 1332 3728 tam
1382 3672 1725 3744 contemptim
1775 3685 2189 3728 transcurreret
2235 3669 2416 3747 hostis·
2499 3674 2652 3733 Non

660 3763 1035 3835 exspectato
1065 3750 1438 3834 cujusquam
1469 3745 1654 3810 ducis
1683 3748 1962 3844 imperio
1984 3752 2455 3834 prorumpitur.
2502 3770 2654 3812 cae-

660 3832 902 3896 duntur
927 3832 1445 3897 Antonianorum
1473 3830 1690 3893 multit
1738 3842 2027 3894 victores
2062 3830 2342 3917 impetus
2377 3830 2456 3894 ad
2489 3834 2653 3895 alte·

2429 3935 2564 3975 ram

739 4098 883 4166 Cap.
920 4082 1026 4152 VI.
1070 4089 1329 4170 Appian.
1366 4085 1524 4148 Plut.
1561 4086 1609 4145 A
1657 4084 1820 4165 piati.
1902 4086 2056 4173 .⁰³P·
2091 4082 2228 4151 Vn‘.
2281 4090 2435 4147 Plut.
2487 4089 2660 4146 Fler-

669 4160 824 4223 Plut.
860 4162 1115 4241 Appiam
1186 4163 1334 4237 Cap.
1363 4164 1528 4223 Vm.
1565 4162 1608 4218 P
1636 4172 1720 4221 ut.
1759 4162 2016 4235 Appian-
