2892 4684
1156 34 1173 63 Ι

660 227 753 291 m
790 170 1313 307 Locum'nm.
1358 221 1586 289 cxlv.
1629 222 1868 293 mvn.
2063 236 2072 283 ·.
2167 222 2279 287 naa
2383 278 2392 291 .

258 448 413 506 em'm
454 448 599 501 nanc
641 458 759 499 eam
798 438 1180 517 administrari
1200 482 1219 513 ,
1288 456 1353 497 ut
1392 436 1624 515 dignum
1665 432 1796 515 effer
1833 436 2140 495 catoniano
2179 454 2280 493 ms-
2345 431 2416 487 U.
2449 450 2503 489 c.
2531 429 2654 503 766.
2688 472 2698 497 .

262 530 449 595 mine,
496 518 671 601 poffi’:
712 514 879 602 'ficus
918 540 1097 581 autom
1131 518 1264 598 fieri
1287 560 1305 590 ,
1372 536 1536 593 turpe
1575 514 1700 595 effi·-
1787 515 2284 579 Commendavit
2329 504 2506 562 -A·C·
2530 508 2619 574 4⁶·

264 604 517 671 deinde
560 623 721 665 eum·
746 606 822 663 L.
855 603 1161 670 Caesari,
1242 619 1373 687 quo
1424 618 1580 659 usus
1625 596 2089 681 proquaessore
2135 600 2279 661 fue-

264 704 403 752 rat=
458 698 923 771 petentemque
962 686 1237 745 Lucium
1282 681 1530 761 adjuvit
1569 680 1636 739 in
1677 682 1973 742 oratione
2015 700 2280 763 compo.

262 768 485 833 nenda
508 812 525 843 ,
586 788 709 849 qua
745 769 1091 829 Caesarem
1129 777 1477 827 exoraret:
1541 782 1738 844 quum
1775 783 1898 845 pro
1943 783 2016 823 se
2057 783 2282 849 quem-

264 872 463 937 quam
500 871 579 909 ro
626 869 737 909 are
826 848 1129 932 uidquam
1164 844 1622 909 districtiffime
1657 858 1930 906 vetaret.
2006 850 2284 905 'l'antum

264 934 559 997 sollicita
610 930 739 991 inis
820 931 1171 1013 aborisque
1228 943 1297 991 et
1340 924 1544 989 taedii
1595 927 1700 987 vir
1747 920 1860 991 isse
1903 926 2283 989 sumendum

268 1014 561 1101 putavit,
607 1026 677 1073 ut
708 1012 856 1073 aliis
884 1011 1235 1096 prodell'et‚
1280 1008 1522 1071 dudum
1553 1007 1842 1089 projecta
1871 1010 2140 1071 vivendi
2172 1028 2283 1071 cu-

266 1097 547 1181 piditate
572 1136 589 1167 ,
638 1106 704 1156 et
742 1106 922 1156 certa
960 1092 1387 1159 destinatione
1434 1091 1946 1153 consciscendae
1987 1093 2196 1155 necis.

395 1204 559 1265 Lm.
606 1202 689 1262 Ut
725 1214 937 1261 tamen
976 1200 1325 1264 consilium
1367 1213 1666 1281 tegeret,
1713 1200 2017 1282 corporis
2058 1218 2278 1285 curapn
2343 1220 2482 1287 Ejus
2511 1211 2644 1266 atei.

268 1283 603 1355 adhibuit,
668 1280 973 1365 lotusque
1016 1283 1317 1343 coenavit
1355 1300 1500 1342 cum
1537 1279 1763 1342 amicis
1801 1294 1868 1341 et
1899 1280 2276 1363 magistrati-
2305 1306 2395 1344 ma
2413 1298 2593 1343 coena.

268 1368 395 1429 bus
420 1366 647 1426 Uticae
683 1362 955 1425 sedens:
998 1381 1141 1441 mm
1180 1362 1496 1425 accubare
1525 1360 1663 1445 post
1688 1348 2278 1447 Pharsalicam'pif.

274 1468 463 1531 gnam
518 1445 830 1508 desierat.
908 1442 1278 1508 Productae
1320 1444 1475 1528 quin
1513 1445 1704 1506 ctiam
1787 1444 1994 1504 oculis
2038 1456 2104 1506 et
2135 1466 2277 1506 ser-

274 1529 577 1609 monibus
628 1540 778 1588 sunt
822 1530 1090 1611 epulae,
1157 1528 1510 1609 multisque
1547 1524 1631 1588 de
1673 1546 1746 1586 re
1799 1545 1872 1585 us
1913 1526 2167 1587 erudita
2205 1538 2274 1590 et

276 1610 548 1693 jucunda
589 1608 1030 1672 confabulatio
1067 1608 1227 1671 fuit:
1289 1608 1500 1671 donec
1534 1608 1884 1694 prolapsus
1922 1606 1998 1667 ad
2040 1608 2270 1671 decre·
2361 1670 2366 1675 ,

283 1707 416 1754 tum
452 1690 611 1752 illud
650 1691 1023 1752 Stoicorum
1060 1693 1257 1762 Cato,
1306 1690 1488 1771 Jblum
1531 1704 1727 1751 bonum
1771 1695 1952 1748 virum
1998 1690 2095 1770 effi>
2135 1692 2271 1749 hhe..

284 1795 441 1849 ram,
487 1794 631 1834 cum
666 1788 1041 1857 opponente
1074 1794 1145 1835 se
1168 1772 1512 1835 Demetrio
1539 1770 2024 1853 Peripateticae
2057 1784 2272 1835 sectae

278 1854 673 1942 philosopho
717 1868 889 1915 tanta
932 1856 1355 1917 contentione
1392 1852 1575 1916 vocis
1607 1855 1954 1935 vultusque
1983 1854 2273 1937 disputa-

278 1938 409 2009 vit,
468 1951 541 1998 ut
590 1936 787 2013 facile
836 1937 1249 2021 propositum
1300 1934 1441 2014 ejus
1486 1934 1961 1997 adverteretur.
2047 1937 2270 2008 Unde,

274 2040 473 2105 quum
514 2018 789 2081 moestos
833 2018 1071 2081 sedere
1106 2020 1417 2081 convivas
1456 2016 1754 2089 videret,
1814 2018 2152 2079 revolutus
2193 2017 2278 2078 ad

276 2102 445 2163 alios
484 2120 824 2163 sermones
867 2101 1155 2163 eximere
1194 2100 1638 2183 suspicionem
1679 2112 1948 2161 conatus
1983 2097 2094 2161 est.
2159 2100 2278 2161 de-

276 2183 629 2245 ambulavit
662 2184 859 2245 etiam
898 2203 1187 2265 arcoena,
1233 2182 1720 2267 praefectisque
1755 2182 2125 2265 vigiliarum
2153 2182 2278 2242 im·
2377 2208 2398 2219 -

278 2265 569 2351 peravit,
618 2284 783 2349 quae
818 2265 1215 2327 videbantur
1252 2262 1537 2347 agenda:
1585 2260 1702 2325 sed
1739 2264 2027 2326 cubitum
2065 2264 2277 2325 iturus

278 2347 533 2411 arctius
566 2342 945 2431 diutiusque
981 2347 1051 2408 iu
1090 2349 1435 2432 complexu
1472 2343 1596 2407 filii
1625 2358 1694 2408 et
1723 2358 2096 2409 ceterorum
2124 2345 2280 2408 bae-

280 2429 389 2493 ait.

402 2508 574 2575 LIV.
634 2508 791 2579 Inde
827 2529 1037 2581 novus
1074 2508 1210 2571 illis
1249 2509 1484 2582 timor,
1539 2528 1895 2595 ensemque
1937 2530 2136 2594 supra
2173 2528 2286 2573 cu·
2345 2496 2668 2582 efflstfelss‘
2763 2530 2772 2551 ’

280 2591 417 2655 bile
468 2590 766 2675 pendere
818 2591 1083 2652 solitum
1135 2603 1541 2653 amoverunt.
1646 2594 1842 2665 Cato,
1909 2612 2054 2668 cum
2111 2593 2286 2654 libro
2312 2569 2465 2621 ‘'m'’
2501 2586 2650 2624 ⁰⁸⁸⁰·

279 2673 616 2745 Platonis,
660 2675 776 2757 qui
800 2672 1115 2735 Phaedon
1150 2670 1573 2746 inscribitur,
1622 2672 1990 2737 cubiculum
2032 2672 2288 2758 ingres·
2313 2648 2462 2693 ”⁸⁸⁸

284 2776 436 2829 aus,
484 2754 851 2839 interrogat
880 2775 1165 2827 servum,
1209 2760 1331 2835 quis
1358 2755 1612 2835 gladium
1649 2754 2002 2827 abs-culillis?
2044 2756 2165 2818 Illo
2195 2770 2290 2818 ta*-

282 2852 518 2908 cente‚
564 2837 917 2899 lectionem
946 2837 1312 2899 continuat:
1356 2834 1580 2922 paullo
1615 2833 1754 2919 post
1789 2837 2028 2899 iterum
2066 2838 2292 2922 requi-

284 2920 375 2981 rit
412 2938 677 2990 ensem,
722 2939 846 2981 nec
888 2916 1138 2991 adlato,
1182 2918 1421 2978 librum
1469 2918 1767 3003 pellegit.
1854 2922 2018 2979 Tum
2067 2921 2290 3000 singu-

282 3001 387 3063 los
423 3000 749 3063 advocans
782 3019 1037 3071 servos,
1083 3011 1439 3083 ensemque
1473 2998 1770 3082 flagitans
1801 3000 2064 3069 acriter,
2093 3020 2290 3061 unum

284 3082 481 3144 etiam
513 3084 829 3179 perculsit
864 3100 1109 3166 pugno,
1153 3101 1541 3163 manumque
1583 3082 1970 3149 cruentavit.
2031 3081 2289 3143 Postre-
2353 3072 2480 3159 ssd,
2496 3075 2672 3130 ''¹1⁶⁸-

284 3184 395 3225 mo
434 3162 641 3225 filium
688 3172 753 3227 et
792 3164 1038 3226 amicos
1085 3162 1514 3225 adcurrentes
1557 3163 1926 3248 increpavit
1964 3164 2286 3246 asperius,
2315 3158 2482 3265 ‘'⁸5‘'
2509 3163 2672 3267 ‘¹⁹2‘

274 3244 386 3328 thi
428 3267 521 3305 nec
552 3244 723 3324 deeffi:
756 3251 1024 3306 rationem
1062 3246 1333 3304 moriendi
1353 3286 1371 3317 ,
1402 3243 1464 3324 fi
1485 3244 1686 3316 vellet,
1709 3264 1908 3303 amoto
1930 3244 2142 3327 gladio,
2189 3242 2288 3304 di·
2309 3216 2616 3336 {surm’n
2657 3245 2681 3262 ⁶

290 3327 565 3390 etitanst
608 3340 779 3407 neque
810 3348 943 3388 vero
972 3344 1207 3407 putare,
1248 3330 1333 3384 ita
1365 3323 1621 3403 excidiffi’
1656 3342 1831 3384 mente
1855 3366 1872 3397 ‚
1919 3346 1984 3385 ut
2027 3321 2292 3386 reciderit
2452 3317 2474 3339 ⁰

288 3410 353 3469 in
377 3404 492 3485 filii
522 3406 771 3469 tutelam.
855 3406 958 3469 Illi
982 3450 1017 3481 ,.
1046 3407 1225 3469 luctu
1254 3420 1447 3489 atque
1479 3423 1788 3468 moerore
1815 3427 1940 3491 pro
1991 3408 2294 3475 emodum

293 3489 673 3562 exanimati,
726 3489 951 3567 iubent
990 3488 1239 3552 adferri
1280 3488 1590 3571 gladium.
1665 3500 1860 3573 que‘m
1907 3430 2022 3553 ubi
2070 3490 2296 3552 eduxit

296 3585 486 3655 atque
530 3571 976 3636 consideravit
1010 3572 1205 3645 Cato,
1266 3569 1567 3655 reposuit
1601 3570 1840 3633 iterum
1865 3616 1882 3645 ,
1945 3572 2292 3670 denuoque

296 3650 532 3715 librum
578 3676 613 3715 a
654 3654 869 3737 capite
908 3654 987 3715 ad
1024 3654 1263 3733 calcem
1320 3652 1562 3735 relegit
1606 3673 1641 3713 a
1675 3653 2042 3716 lucernam:
2104 3654 2292 3715 dem·

296 3734 379 3797 de
418 3756 690 3797 securus
727 3734 1116 3809 obdormiit,
1172 3751 1243 3799 ut
1268 3734 1644 3799 stertentem
1671 3736 2127 3821 perciperent,
2175 3734 2290 3822 qui
2323 3776 2332 3785 -

294 3816 697 3879 excubabant
736 3836 861 3900 pro
897 3816 1177 3880 foribus.

308 3947 313 3951 .
416 3900 557 3961 LV.
604 3898 739 3961 Sub
780 3898 1057 3960 mediam
1090 3910 1348 3961 noctem
1376 3900 1608 3963 Butam
1647 3898 1986 3981 quemdam
2015 3900 2288 3963 accitum
2327 3894 2626 3981 ,0810ξῖὓῖ

297 3976 377 4041 ad
414 3999 593 4042 mare
626 3981 807 4045 misit
840 3980 1089 4055 visum,
1145 4000 1310 4043 anne
1348 3979 1478 4062 jam
1517 3982 1848 4047 solviss'ent
1889 4000 2157 4046 omnese
2221 3996 2290 4047 et
2316 3965 2689 4034 mmmm-sm·

362 4128 513 4204 Cap.
544 4130 669 4188 LII.
716 4130 887 4191 Auct.
918 4126 993 4188 de
1024 4130 1097 4188 B.
1124 4126 1315 4192 Afric.
1350 4131 1528 4192 Plut'o·
