2892 4684
185 504 203 526 .
262 390 567 543 3:22722:

248 1102 485 1157 Antonio
498 1123 580 1159 ve.

226 1172 487 1229 humentem
500 1177 580 1231 in.

234 1244 547 1305 commodus.

602 172 729 281 ω
768 186 2592 271 FREINSH.SUPPLEMENTORUMLmLxxme.

604 413 1023 473 munimentis
1062 410 1330 473 defensa
1372 429 1496 506 pro
1532 405 1768 469 iisdem
1808 407 2048 484 effent3
2103 419 2172 467 et
2206 418 2462 473 tamen,
2507 396 2598 496 ad

606 494 1037 557 continendos
1072 491 1331 555 facilius
1371 513 1441 553 m
1485 488 1711 551 officio
1751 488 2025 560 milites,
2085 486 2346 549 modico
2379 496 2596 567 spatio

606 576 1157 658 disjungerentur.
1242 573 1522 634 Suberat
1565 570 1768 633 amnis
1803 572 2024 653 Ganga
2069 571 2211 631 sive
2249 565 2598 648 Gangites,

605 657 719 741 qui
763 658 827 717 in
860 658 1270 737 Strymonem
1312 652 1568 725 influit,
1629 666 1696 713 et
1731 673 1766 713 a
1802 665 1992 735 tergo
2025 672 2200 713 mare
2222 696 2239 721 .,
2301 665 2604 729 magnam

604 738 685 803 ad
738 739 951 801 omnia
1006 738 1347 799 utilitatem
1404 734 1782 797 conferens.
1883 738 2041 795 Nam
2085 746 2151 794 et
2191 732 2446 794 'l'hasus
2491 728 2602 791 eis

604 834 746 883 erat
786 839 910 905 pro
946 818 1227 889 horreo,
1288 816 1369 877 ad
1410 816 1772 877 duodecim·
1797 814 2000 877 millia
2033 815 2318 898 pass'uum
2358 808 2605 873 distans

605 900 850 974 insula,
909 913 975 962 et
1012 920 1251 960 nonum
1290 899 1458 960 intra
1493 897 1771 960 milliare
1799 898 2111 981 Neapolis
2151 914 2446 959 securam
2477 891 2608 957 ssa-

605 983 851 1051 tionem
884 980 1157 1043 navibus
1197 980 1564 1044 exhibebat.

728 1090 1022 1149 xxxm.
1068 1086 1391 1148 Antonius
1428 1086 1678 1153 interea
1700 1129 1717 1158 ,
1759 1084 2136 1148 festinanter
2173 1084 2367 1145 ducto
2405 1104 2603 1145 exer-

608 1170 764 1241 citu,
810 1190 893 1230 ne
919 1168 1331 1271 Amphipolis
1365 1167 1499 1229 sibi
1521 1169 2034 1251 praeriperetur,
2079 1180 2150 1228 ut
2175 1166 2339 1227 banc
2367 1186 2402 1227 a
2425 1171 2606 1228 Nor-

605 1253 775 1315 bano
810 1264 1126 1319 retentam
1161 1264 1352 1333 atque
1390 1250 1582 1311 etiam
1619 1250 2070 1314 communitam
2102 1248 2286 1320 vidit,
2331 1266 2605 1330 magno-

604 1352 766 1417 pere
803 1334 1065 1415 gavisus
1086 1374 1102 1403 ,
1147 1330 1606 1413 impedimenta
1641 1321 1734 1392 ibi
1769 1331 2109 1417 deposuit,
2151 1330 2421 1405 Pin-ario
2453 1348 2608 1390 cum

605 1436 729 1475 una
766 1414 1028 1496 legione
1065 1411 1299 1473 relicto
1340 1412 1423 1474 ad
1461 1410 1827 1474 custodiam.
1913 1416 2098 1495 lpse,
2141 1432 2365 1493 magna
2404 1410 2608 1471 auda-

602 1497 699 1555 cia
736 1494 1149 1581 progresshs,
1194 1494 1379 1587 prius
1416 1493 1660 1564 ferme,
1709 1514 1896 1577 quam
1939 1494 2150 1554 adeffe
2189 1490 2602 1566 crederetur,
2698 1543 2707 1552 .

600 1573 798 1637 castra
842 1576 1050 1657 planis
1086 1574 1252 1635 loeis
1286 1574 1548 1659 posuit,
1591 1594 1722 1635 uno
1750 1589 2003 1636 tantum
2045 1573 2305 1636 milliari
2345 1573 2616 1635 discre-'

600 1670 730 1721 tus.
819 1658 986 1715 Tum
1036 1674 1199 1716 vero
1257 1655 1592 1737 adparuit,
1667 1670 1906 1738 quanto
1959 1656 2216 1738 potiora
2265 1658 2480 1716 omnia
2533 1668 2608 1717 et

602 1736 1047 1800 commodiora
1084 1737 1390 1798 Cassianis
1433 1736 1656 1797 effent.
1706 1736 1899 1799 cassra
1937 1736 2260 1797 habebant
2300 1736 2603 1818 superio-

600 1818 786 1883 ribus
826 1818 1026 1889 locis,
1071 1818 1394 1884 Antonius
1436 1819 1504 1878 in
1545 1818 1771 1901 plano:
1819 1839 1900 1880 ex
1929 1818 2256 1879 montibus
2290 1832 2598 1901 suppete-

600 1900 755 1962 bant
780 1899 913 1961 illis
938 1900 1132 1983 ligna,
1166 1898 1317 1960 huic
1346 1899 1626 1983 petenda
1660 1920 1739 1961 ex
1773 1898 2158 1983 palustribus
2189 1898 2354 1961 locis
2382 1914 2597 1961 erant:

601 1982 737 2051 illia
772 1980 1012 2044 fluvius
1046 1980 1399 2071 praebebat
1437 1982 1878 2063 aquationem,
1901 1981 2033 2056 ‚hio
2069 1978 2303 2063 puteos
2338 1980 2600 2043 curabat

532 2128 537 2140 ,
602 2061 1039 2131 effodiendos.
1084 2062 1218 2123 illis
1245 2084 1277 2123 a
1299 2064 1666 2145 propinqua
1687 2063 1901 2123 Thaso
1926 2061 2406 2123 subvehebatur
2423 2082 2602 2123 com-

533 2143 539 2167 ¹
599 2159 871 2213 meatus,
910 2142 1062 2213 huic
1095 2142 1504 2209 arcess'endus
1539 2158 1676 2211 erat
1699 2144 2100 2231 Amphipoli.
2165 2146 2470 2207 Ceterum
2497 2144 2604 2205 ni-

598 2224 693 2287 hil
729 2239 869 2287 erat
907 2225 971 2285 in
1010 2226 1379 2317 praesentia
1404 2226 1661 2296 melius,
1710 2248 1903 2317 quum
1930 2240 2292 2314 opportuna
2317 2226 2457 2289 loca
2482 2226 2608 2293 ho·

598 2306 724 2373 stes
762 2306 1275 2391 praecepiffent,
1337 2307 1542 2369 colles
1583 2308 1693 2371 alii
1735 2308 1894 2370 nulli
1941 2308 2382 2389 supereffent‚
2440 2308 2608 2367 reli-

602 2410 727 2472 qua
761 2389 1066 2480 planities
1104 2386 1504 2479 depress'ior,
1554 2390 1916 2451 exundante
1961 2408 2433 2471 nonnumquam
2474 2386 2601 2449 flu..

602 2472 753 2543 vi0,
820 2469 1156 2552 stagnaret.
1240 2466 1594 2531 Audaciam
1637 2484 1848 2530 tamen
1901 2470 2314 2553 interpretati
2353 2474 2604 2531 Brutus

606 2564 799 2635 atque
843 2552 1123 2623 Cass'ius,
1186 2548 1361 2633 quod
1402 2552 1622 2635 potius
1664 2552 2004 2613 neceffitas
2044 2551 2292 2623 fuerat,
2351 2551 2607 2614 castella

656 2634 886 2694 lurima
922 2632 1305 2702 excitarunt,
1350 2632 1653 2717 valloque
1691 2648 1755 2694 et
1789 2634 1946 2701 soss'a
1985 2646 2050 2693 et
2083 2635 2286 2695 muris
2325 2635 2608 2695 circum-

608 2656 955 2781 dederunt.
1042 2706 1289 2775 eamus·
1324 2714 1515 2775 etiam
1557 2734 1637 2781 eo
1675 2716 1884 2797 spatio
1909 2758 1924 2787 ,
1985 2714 2160 2797 quod
2199 2737 2232 2776 a
2269 2713 2487 2777 castris
2523 2714 2609 2777 ad

610 2797 819 2863 lacum
862 2794 1269 2884 pertinebat,
1316 2809 1594 2885 propter
1632 2794 1947 2879 angustias
1989 2796 2357 2879 neglectum
2397 2797 2606 2880 priua,

610 2897 863 2945 murum
900 2877 1248 2964 opposuit3
1307 2892 1381 2937 ut
1414 2876 1534 2957 jam
1575 2878 1776 2940 latera
1813 2891 2051 2938 tantum
2074 2920 2091 2949 ‚
2138 2898 2302 2961 quae
2338 2901 2371 2939 a
2407 2878 2611 2939 meri-

615 2960 723 3022 die
758 2961 938 3030 lacu,
982 2973 1051 3022 et
1079 2959 1287 3019 lacum
1319 2960 1687 3043 excipiente
1718 2960 1912 3032 mari,
1956 2956 2031 3019 ad
2077 2978 2374 3021 occasum
2416 2980 2609 3042 aspe-

612 3042 711 3109 ris
754 3040 1030 3123 rupibus
1074 3040 1496 3121 tegebantur,
1563 3060 1752 3102 muro
1795 3053 2132 3103 carerent:
2202 3041 2412 3103 media
2464 3043 2609 3103 loca

616 3142 1131 3215 quaquaversum
1156 3121 1639 3211 diligentiffime
1659 3120 2022 3213 permunita
2044 3124 2607 3206 conspicerentur.

737 3244 1035 3313 xxxlv.
1082 3246 1335 3309 Interea
1355 3247 1577 3328 parvis
1601 3246 2086 3317 certaminibus,
2105 3246 2396 3329 equitum
2418 3266 2612 3331 prae..

617 3324 845 3409 cipue,
890 3328 1069 3388 vires
1106 3326 1387 3387 invicem
1426 3348 1504 3389 ex
1555 3329 1954 3391 eriebantur.
2041 3326 2212 3401 Sed,
2259 3329 2373 3390 ubi
2402 3334 2614 3391 Anto-

615 3408 804 3481 nius,
872 3407 1456 3475 frumentatoribus
1506 3352 1776 3475 {ostium
1831 3408 2215 3480 insidiatus,
2291 3408 2611 3485 offendit,

602 3490 893 3555 calliani
931 3488 1301 3553 ferociores
1340 3506 1708 3553 evaserunt.
1783 3490 1915 3559 Sed
1957 3492 2089 3552 suis
2129 3491 2422 3573 partibus
2454 3512 2616 3553 con..

615 3572 802 3639 tinuo
854 3571 1133 3637 animum
1178 3568 1470 3639 reddidit
1511 3572 1764 3635 decimo
1803 3570 1942 3657 post
1967 3573 2317 3633 Antonium
2353 3573 2460 3636 die
2499 3574 2616 3636 ad.

616 3666 849 3723 vectur-
892 3655 1150 3721 Caesar·
1215 3651 1462 3793 quippe
1511 3656 1760 3717 veritus
1815 3667 2158 3737 utrumque
2209 3674 2461 3734 casum,
2523 3677 2614 3719 ne

616 3749 725 3805 aut
759 3736 1175 3809 vinceretur,
1224 3752 1297 3798 se
1340 3756 1375 3797 a
1426 3750 1650 3811 sente,
1702 3735 2062 3809 Antonius,
2127 3750 2231 3798 aut
2281 3737 2614 3814 vinceret3

618 3836 997 3907 quamquam
1032 3816 1239 3880 adbuc
1274 3837 1503 3907 parum
1533 3816 1714 3885 firma
1737 3815 2127 3891 valetudine,
2174 3816 2612 3887 festinaverat.

658 3958 839 4080 ‘Capu
878 3988 1140 4089 xxxtn.
1202 4004 1355 4087 Plut.
1410 4006 1668 4081 Appiam
1758 4008 1907 4089 Cap.
1951 4008 2213 4071 xxxlv.
2261 4007 2399 4070 Dio.
2452 4006 2608 4071 mut,
2705 4041 2713 4047 ,

612 4078 761 4169 Plo·
799 4077 953 4141 Plut.
990 4078 1131 4143 Duo,
1168 4073 1427 4159 Appiam,
1937 4106 1942 4113 ·
