2892 4684
583 182 594 193 ⁴
693 242 818 306 722
941 224 1351 289 FREthH.
1383 224 2229 297 surranum-Eurorum
2253 224 2421 292 Lm.
2454 226 2541 289 c,

365 436 523 517 Use-
551 437 678 503 7⁸8·
705 442 858 503 tivis
899 437 1136 521 pretii,
1197 433 1308 517 qui
1343 434 1531 495 Gallo
1578 432 1819 495 amicus
1857 435 2229 517 sodalisque
2260 432 2387 496 fuit
2414 474 2437 505 ‚
2502 452 2725 494 exse-

299 526 304 531 ’
361 509 645 582 ⁸²·Q·²4·
706 542 1001 607 quemur.
1099 518 1370 577 Miserat
1403 514 1574 577 hunc
1614 518 1894 588 Caesar,
1952 532 2023 576 ut
2064 536 2171 577 eas
2210 530 2441 598 gentes
2490 514 2727 577 finiti-

707 624 971 687 masque
1017 610 1326 665 tentaret,
1375 598 1571 673 simul
1606 597 1897 659 locorum
1944 599 2179 670 situm,
2228 596 2727 681 Aethiopicos-

649 746 658 756 ,
707 707 834 769 que
881 684 1065 755 lines,
1109 695 1175 742 et
1203 678 1633 761 Troglodytas
1670 682 1961 763 Aegypto
2005 678 2259 740 vicinos
2294 680 2725 763 exploraret,

709 768 822 850 qui
871 768 1017 845 sinu
1071 760 1348 825 Arabico
1395 760 1661 819 minime
1712 760 1843 822 lato
1890 760 1971 821 ab
2007 760 2335 822 Arabibus
2386 780 2727 845 separan-

709 848 836 911 tur'.
924 846 1065 906 Hos
1111 841 1260 925 quia
1301 838 1647 903 ‹litiss'imos
1697 842 1823 903 effe
1856 839 2141 915 sciebat,
2190 862 2351 903 auro
2390 856 2727 925 argento-

713 950 839 1012 que
871 938 1150 989 aromata
1189 936 1256 985 et
1285 922 1541 1005 lapillos
1576 938 2017 1016 permutantes
2044 964 2061 993 ‚
2124 941 2269 984 nec·
2292 938 2599 985 ementes
2638 924 2727 985 ab

713 1012 859 1073 aliis
940 1006 1283 1089 uithuam3
1331 1018 1436 1063 aut
1477 1024 1717 1065 amicos
1757 1005 2093 1066 habiturus
2135 1006 2523 1087 opulentos,
2580 1018 2723 1077 aut,

716 1092 774 1154 si
822 1092 907 1153 ho
962 1110 1031 1150 es
1073 1087 1201 1147 ess'e
1241 1085 1640 1157 malama-nt,
1688 1086 1972 1167 ingentia
2035 1084 2189 1147 iude
2224 1087 2433 1169 spolia
2472 1106 2725 1169 repor-

713 1186 962 1236 taturus
991 1168 1356 1233 videbatur.
1445 1167 1639 1248 Spem
1674 1168 1863 1229 dabat
1889 1182 1955 1231 et
1980 1167 2453 1231 Nabataeorum
2493 1169 2723 1228 socie-

712 1270 850 1326 tas,
916 1270 1189 1337 quorum
1237 1249 1569 1328 Syllae-ua,
1628 1248 2041 1311 fraudulento
2072 1292 2089 1319 ‚
2151 1261 2222 1309 ut
2270 1265 2379 1309 res
2438 1248 2720 1320 docuit,

715 1335 1016 1405 consilio,
1070 1351 1138 1392 se
1172 1331 1402 1391 ducem
1439 1330 1717 1403 itineris,
1771 1332 2019 1427 socium
2052 1329 2497 1413 periculorum
2546 1328 2723 1391 ofle-

713 1418 921 1479 rebat.
1011 1412 1112 1474 Ad
1143 1413 1379 1474 Album
1427 1432 1699 1505 pagum,
1760 1412 1829 1474 i‹1
1856 1432 2197 1472 maximum
2236 1410 2723 1473 Nabataeorum
2832 1470 2834 1475 .

715 1488 1082 1581 emporium
1124 1507 1262 1555 erat
1288 1535 1304 1563 ‚
1351 1492 1762 1575 dirigendum
1800 1497 1931 1555 iter
1964 1512 2164 1576 quum
2202 1492 2400 1563 estet,
2444 1495 2725 1575 negarit

713 1579 994 1665 pedibus
1045 1588 1392 1659 penetrare
1434 1593 1515 1634 eo
1552 1578 1909 1637 exercitum
1958 1574 2181 1658 poffe3
2250 1594 2445 1655 quum
2500 1590 2725 1636 tamen

717 1660 1120 1722 mercatores
1191 1670 1368 1717 tanto
1447 1656 1837 1717 camelorum
1901 1668 1965 1717 et
2036 1656 2371 1715 hominum
2436 1676 2725 1717 numero

720 1760 1082 1805 commeare
1123 1739 1298 1798 inter
1329 1739 1588 1801 Petram
1626 1753 1691 1799 et
1724 1738 1960 1798 Album
1997 1739 2209 1797 vicum
2250 1738 2547 1805 soleant,
2616 1752 2721 1809 ut,

723 1824 782 1886 si
815 1820 1295 1883 multitudinem
1329 1832 1611 1899 spectes,
1654 1816 1927 1879 differre
1958 1818 2119 1877 nihil
2160 1817 2239 1879 ab
2282 1820 2587 1881 exercitu
2628 1819 2723 1878 vi-

722 1906 1019 1967 deantur-⁶
1102 1900 1393 1961 Primum
1429 1902 1499 1959 in
1540 1920 1621 1964 eo
1660 1914 1998 1983 peceatum
2030 1899 2191 1971 suit,
2261 1900 2435 1982 quod
2484 1900 2721 1961 adrer-

721 2008 832 2049 sus
868 1982 1165 2045 homines
1203 1980 1473 2041 minime
1503 1980 1881 2054 bellicosos,
1930 1978 2093 2040 mari
2126 1983 2521 2062 praesertim
2545 2024 2562 2053 ,
2614 2003 2721 2042 na-

721 2088 842 2129 ves
875 2068 1102 2149 longas
1143 2060 1312 2145 apud
1349 2062 1827 2145 Cleopatridem
1852 2104 1868 2136 ,
1937 2082 2061 2145 qua
2102 2063 2315 2123 veteri
2352 2062 2559 2124 soss'ae
2588 2063 2719 2125 Nili

719 2148 1020 2231 proxima
1055 2142 1182 2216 est,
1253 2142 1543 2205 biremes
1586 2146 2021 2225 triremesque
2064 2132 2137 2205 ai:
2170 2142 2723 2225 phaselos‘circi-

721 2244 826 2292 ter
873 2225 1204 2309 octoginta
1251 2222 1622 2305 construxit.
1714 2228 1965 2287 Errore
2022 2224 2173 2288 dein
2223 2223 2721 2304 animadverso,

724 2325 984 2371 centum
1045 2308 1311 2391 triginta
1379 2310 1711 2369 onerarias
1776 2304 2179 2368 aedificavit:
2278 2307 2721 2389 imposuitque

722 2392 1002 2452 militum
1030 2392 1468 2451 Romanorum
1499 2408 1570 2449 ac
1606 2390 1933 2451 sociorum
1976 2388 2181 2463 millia
2225 2386 2427 2448 ferme
2454 2388 2707 2459 decem,

723 2475 789 2534 in
835 2471 1073 2555 quibus
1127 2481 1311 2529 erant
1367 2486 1514 2527 cum
1560 2470 1815 2551 Syllaeo
1860 2468 2037 2529 mille
2080 2468 2406 2531 Nabataei.
2486 2471 2716 2529 Hero-

726 2555 844 2615 des
893 2552 1122 2622 etiam,
1184 2548 1253 2609 in
1305 2568 1533 2631 magna
1598 2552 1770 2613 fame
1824 2550 2154 2611 frumento
2210 2572 2295 2611 nu
2346 2570 2419 2612 cr
2464 2550 2719 2629 adjutus

615 2630 628 2647 ‘
726 2658 761 2696 a
801 2632 1156 2703 Petronio,
1235 2629 1629 2713 quingentos
1688 2652 1771 2696 cx
1824 2632 2157 2717 praetoria
2212 2652 2290 2694 co
2342 2646 2487 2696 orte
2544 2631 2719 2694 delc-

641 2760 650 2767 -
728 2729 871 2780 ctos
905 2712 1148 2775 auxilio
1173 2713 1460 2772 miserat.

2608 2808 2645 2842 0

389 2882 692 2942 Nabataeo.
735 2934 746 2941 ,
851 2860 1085 2925 xxm.
1132 2858 1245 2929 Hi,
1291 2847 1722 2921 circumducti
1747 2878 1873 2943 per
1908 2860 2254 2923 amfractus
2286 2874 2351 2922 et
2390 2853 2715 2929 aestuaria,

356 2969 486 3012 rom
503 2967 691 3021 regum
729 2944 1178 3024 brevibusque
1213 2952 1321 3000 aut
1349 2941 1626 3002 occultis
1672 2944 1841 3003 saxis
1870 2942 2230 3007 insidiosos
2274 2943 2481 3011 sinus,
2532 2944 2719 3024 (pro-

352 3022 622 3079 smrdm·
729 3038 882 3109 μοι·
917 3042 1083 3107 quae
1125 3020 1376 3103 magnis
1419 3022 1693 3085 navibus
1729 3022 1795 3083 in
1833 3043 1913 3086 eo
1958 3026 2119 3086 mari
2156 3044 2349 3085 nemo
2380 3024 2719 3101 utebatur)

731 3103 1220 3191 quintodecimo
1263 3102 1370 3163 die
1405 3103 1619 3165 vicum
1656 3104 1889 3165 Album
1932 3106 2343 3188 adtigeram,
2400 3106 2627 3168 multis
2664 3128 2723 3165 a·

727 3186 932 3251 miffis
963 3184 1277 3267 navigiis,
1337 3204 1719 3267 quamquam
1748 3206 1942 3248 nemo
1988 3179 2451 3249 dum-hostium
2497 3202 2723 3249 occur-

649 3318 688 3335 .-
733 3270 934 3332 riss'et.
980 3265 1054 3328 ld
1090 3264 1392 3327 socordia
1437 3266 1633 3329 fiebat
1664 3266 2133 3331 Nabataeorum
2166 3286 2419 3351 regum,
2464 3268 2727 3352 praefe-

736 3351 862 3414 ctis
899 3348 1038 3409 suis
1065 3388 1084 3419 ‚
1131 3364 1299 3429 quos
1336 3347 1574 3408 fratres
1614 3348 1941 3445 adpellare
1974 3365 2386 3421 consuerant,
2434 3351 2727 3411 commit·

619 3458 630 3485 ι
729 3432 1012 3509 fictitium
1070 3427 1319 3498 omnia,
1379 3436 1769 3509 praesertim
1826 3452 1991 3513 quae
2060 3432 2139 3491 ad
2186 3452 2325 3492 rem
2378 3432 2722 3492 militarem

788 3512 1172 3575 ertinerent.
1261 3510 1406 3569 Hoc
1453 3508 1739 3571 instituto
1790 3524 1921 3573 tum
1981 3532 2099 3573 rex
2144 3512 2411 3575 Obodas
2472 3529 2727 3575 omnem

737 3537 966 3656 barum
1001 3606 1224 3674 rerum
1277 3609 1494 3651 curam
1519 3590 1593 3650 in
1635 3590 1955 3672 Syllaeum
2000 3595 2453 3655 inclinaverat.
2542 3598 2725 3654 Hunc

741 3690 954 3738 autem
993 3670 1060 3734 id
1097 3691 1292 3753 agere
1333 3672 1623 3753 suspicio
1666 3688 1839 3747 erat,
1882 3685 1951 3735 u't
1976 3717 1994 3747 ,
2031 3673 2721 3756 'explorata.1·cgione‚

741 3761 1070 3819 Romanoa
1126 3754 1196 3813 iu
1249 3750 1605 3833 subigenda
1646 3768 1829 3836 parte
1861 3754 2000 3835 ejus
2040 3756 2405 3835 adjuvaret:
2450 3756 2722 3827 deinde,

739 3838 882 3915 illis
920 3834 1186 3908 morbo,
1251 3834 1462 3909 fame,
1528 3850 1595 3903 et
1628 3836 1868 3899 ceteris
1900 3879 1917 3910 ,
1978 3858 2142 3921 quae
2182 3836 2539 3919 structurus
2584 3840 2723 3923 ipse

337 4040 373 4051 ·-
821 4022 1164 4093 eap.xx11.
1199 4022 1346 4075 Plin.
1387 4022 1587 4077 Strab.
1623 4014 2019 4091 :Ioseph-Anti
2066 4062 2083 4079 .
2108 4026 2189 4091 15,
2211 4040 2294 4079 n.
2352 4026 2499 4099 Cap.
2517 4024 2725 4081 xqu

754 4089 998 4148 Strabo.
1049 4091 1289 4160 Strabo,
1321 4087 1364 4145 l.
1393 4092 1475 4147 ιδ.
1506 4110 1567 4165 p.
1586 4110 1713 4191 7¹7?-
1762 4092 2004 4164 Strabo,
2024 4042 2073 4150 ἶ
2106 4096 2189 4151 16.
2218 4094 2433 4166 p.781.‘
