2892 4684
685 246 809 329 398
850 248 1249 317 FREINSH.
1266 250 2096 323 SUPPLEMENTORUM
2106 255 2256 317 Lm.
2273 256 2657 322 LXXXVII.

351 460 421 515 U·
450 476 646 533 ⁰·709·
808 464 1069 528 XXVII.
1133 465 1219 523 Et
1266 460 1387 522 hos
1438 461 1698 543 quidam
1745 463 1918 525 hunc
1969 463 2050 525 ad
2093 460 2350 523 modum
2395 462 2658 523 occlusa

350 532 628 599 3⁰04&
686 560 908 629 porta,
969 545 1263 628 reliquos
1310 558 1532 623 aperta
1581 544 1893 628 prodidit.
1979 552 2264 627 Namque
2303 543 2424 603 sub
2459 543 2660 603 meri-

684 628 857 689 diem
900 638 1253 711 eruperunt
1295 625 1571 696 iterum,
1633 626 2049 710 incensisque
2101 623 2416 685 machinis
2469 628 2659 707 oppi-

684 708 832 768 dum
884 707 1326 791 repetierunt,
1387 704 1599 767 libero
1643 704 1876 769 re‘licto
1915 722 2188 791 propter
2229 708 2518 788 priorem
2555 726 2659 766 ca-

346 802 633 873 Βωηηη,
684 810 821 851 sum
852 790 1049 852 aditu.
1136 786 1359 869 Igitur,
1406 786 1750 849 confertim
1788 788 2298 871 irrumpentibus
2321 788 2658 861 Romanis,

309 878 407 942 qui
449 878 507 955 fn
538 891 629 926 ur·
682 872 990 955 oppidum
1044 867 1458 952 capiebatur,
1524 868 1652 929 nisi
1705 884 2021 965 repente,
2085 868 2656 953 funibus-ruptis,

310 948 657 1013 0‘¹”²¹‘'“P‘·
682 965 990 1015 cataracta
1024 950 1375 1012 decidiffet.
1460 950 1608 1008 Duo
1643 952 1842 1011 millia
1877 950 2084 1011 ferme
2117 952 2536 1010 intraverant.
2585 951 2658 1023 ii,

308 1022 653 1087 '“”‘2!‘'8‘⁸‘·
730 1056 875 1094 uum
914 1044 1367 1117 premerentur
1402 1051 1437 1088 a
1466 1030 1798 1103 Xantliiis‚
1857 1052 2069 1115 neque
2113 1030 2474 1091 subducere
2515 1032 2660 1092 sine

677 1055 941 1177 iimibus
980 1132 1239 1199 gravem
1272 1124 1561 1194 portam,
1605 1132 1815 1197 neque
1854 1112 2206 1175 concidere
2245 1126 2474 1173 tectam
2519 1112 2657 1173 ser·

676 1216 755 1255 ro
794 1198 1080 1280 possent,
1138 1194 1354 1254 multis
1398 1193 1672 1265 amiffis,
1735 1195 1800 1255 in
1839 1194 2062 1255 aedem
2101 1193 2495 1277 Sarpedonis
2535 1214 2660 1277 pe-

675 1290 1049 1350 netrarunt,
1098 1274 1365 1357 ejusque
1402 1273 1800 1337 munimento
1837 1292 1910 1337 se
1945 1276 2310 1337 tuebantur.

329 1426 408 1479 Ae
424 1423 653 1492 rete'quis
800 1400 1091 1463 xxvut.
1142 1400 1269 1463 Sed
1308 1402 1536 1463 anxius
1575 1402 1658 1463 de
1691 1399 1797 1461 his
1821 1402 2104 1470 Brutus,
2155 1398 2364 1459 omnia
2405 1410 2658 1459 tentan-

310 1478 800 1551 subvenienti-do,
858 1480 1140 1542 diversis
1192 1484 1475 1543 aditibus
1523 1482 1772 1545 invenit
1813 1481 2002 1545 viam.
2087 1480 2255 1552 Alii,
2319 1480 2510 1541 scalis
2553 1480 2658 1539 in-

304 1565 431 1617 bus.
673 1560 910 1623 cendio
943 1562 1214 1636 aminis,
1262 1564 1477 1626 subito
1515 1564 1916 1628 fabricabant
1951 1580 2189 1623 novas:
2234 1560 2384 1633 alii,
2429 1574 2656 1622 anten-

670 1662 788 1704 nas
830 1641 1245 1707 admoventes
1274 1646 1640 1719 moenibus,
1688 1666 1808 1727 per
1835 1666 1942 1705 eas
1977 1641 2444 1724 subrepebant=
2489 1662 2655 1703 non-

671 1723 873 1795 nulli,
920 1742 1125 1784 uncos
1170 1724 1441 1789 restibus
1487 1725 1874 1807 ejaculantes
1920 1724 1986 1784 in
2025 1744 2312 1793 murum,
2357 1723 2467 1783 ubi
2509 1722 2651 1784 for-

670 1818 739 1864 te
800 1804 945 1887 quis
1004 1804 1423 1882 adhaeserat,
1493 1806 1985 1870 adtollebantur.
2091 1806 2648 1875 Oenoandenses‚

672 1885 875 1946 vicini
918 1886 1250 1961 Xanthiis,
1308 1905 1373 1951 et
1416 1893 1800 1974 plerumque
1842 1886 2222 1955 discordes,
2285 1888 2511 1947 notitia
2551 1886 2652 1946 lo-

672 1986 895 2027 corum
920 2010 937 2037 ‚
982 1986 1105 2048 per
1140 1970 1440 2052 abruptas
1481 1976 1677 2053 rupes
1714 1968 2164 2039 enitebantur,
2208 1968 2515 2027 Romanis
2553 1980 2652 2028 et.

672 2047 795 2107 iam
834 2047 1213 2131 quibusdam
1252 2052 1696 2133 sequentibus.
1743 2050 1873 2113 sed„
1899 2049 2266 2110 laboriosus
2300 2047 2650 2109 adscensus

672 2128 834 2201 suit,
898 2130 1252 2213 multique,
1315 2134 1581 2195 fallente
1614 2130 1902 2217 xvessigio
1957 2132 2020 2190 in
2083 2150 2398 2212 praeceps
2443 2130 2647 2213 lapsi,

673 2211 1036 2293 perierunt.
1116 2213 1364 2273 Eodem
1404 2230 1699 2297 tempore
1743 2214 2000 2297 quidam
2039 2231 2301 2282 eorum,
2361 2212 2471 2293 qui
2509 2233 2651 2271 mu·

672 2310 785 2351 ros
828 2292 1397 2367 transcenderant,
1459 2296 1775 2379 portulam
1834 2291 2163 2378 quamdam
2216 2308 2646 2389 aperuerunt,

674 2385 824 2432 ante
860 2394 1047 2455 quam
1082 2376 1311 2435 vallum
1354 2391 1492 2438 erat
1529 2375 1908 2438 exstructum
1951 2386 2313 2457 praeacutis
2355 2372 2641 2434 sudibus.

568 2502 585 2517 .
673 2472 871 2535 super
908 2474 1021 2515 eas
1055 2455 1499 2520 audacissimus
1524 2460 1798 2540 quisque
1821 2453 2444 2546 transcendentium,
2491 2456 2646 2515 sub-

670 2533 921 2597 levatus
975 2557 1010 2596 a
1056 2539 1634 2609 commilitonibus,
1697 2536 2043 2597 evadebat:
2109 2533 2318 2597 donec
2373 2555 2644 2597 numero

670 2614 796 2695 jam
828 2616 1010 2677 multi
1047 2632 1329 2699 portam,
1392 2639 1555 2703 quae
1591 2620 1762 2679 intus
1801 2620 1983 2680 ferro
2019 2634 2150 2674 non
2191 2630 2329 2677 erat
2368 2616 2642 2689 munita,

673 2696 1061 2780 distringere
1112 2716 1490 2783 coeperunt.
1578 2698 2124 2761 Adcendebantur
2173 2698 2344 2757 enim
2381 2699 2649 2779 pericu·

673 2778 739 2837 lo
777 2800 1059 2851 suorum,
1102 2778 1319 2840 in'vadi
1353 2780 1476 2842 hos
1515 2782 1548 2841 a'
1572 2782 1786 2863 Lyciis
1814 2794 2125 2861 arguente
2156 2780 2458 2841 clamore.
2516 2779 2645 2861 lgi-

670 2870 801 2931 tur,
848 2882 1042 2943 quum
1075 2860 1249 2923 intus
1284 2862 1582 2948 forisque
1620 2861 1790 2922 idem
1829 2861 2091 2945 plurimi
2133 2880 2378 2921 summo
2416 2874 2650 2920 conatu

671 2956 974 3021 agerent,
1023 2940 1289 3005 eflracta
1318 2958 1508 3026 porta
1542 2944 1838 3005 diffluit:
1879 2942 1959 3003 ad
1997 2942 2170 3025 quod
2211 2942 2650 3025 spectaculum

670 3020 902 3104 ingens
934 3022 1219 3085 sublatus
1249 3026 1490 3087 clamor
1517 3023 1724 3108 gestae
1751 3025 1852 3087 rei
1875 3022 2308 3113 pugnantibus
2334 3020 2648 3085 indicium

665 3100 869 3174 fecit,
914 3102 1303 3188 diremitque
1334 3120 1680 3168 certamen.

336 3218 641 3291 Urbseapi-
791 3210 1021 3271 XXIX.
1084 3211 1345 3271 Interim
1396 3214 1610 3294 iguis,
1683 3232 1716 3272 a
1777 3209 2090 3271 machinis
2125 3208 2224 3269 ad
2275 3208 2644 3291 propinqua

308 3300 429 3343 ur.
668 3292 922 3351 moenia
974 3292 1362 3366 devolutus,
1426 3294 1659 3377 pinnas
1713 3308 1779 3354 et
1825 3290 1927 3353 his
1969 3289 2308 3368 conjuncta
2345 3288 2644 3351 aedificia

668 3372 1183 3453 comprehendit.
1264 3374 1521 3437 Idcirco
1557 3378 1834 3445 Brutus,
1883 3371 2240 3455 pernicicm
2284 3370 2512 3454 oppidi
2555 3371 2643 3431 ti·

664 3472 885 3525 mens,
944 3450 1253 3537 exstingui
1294 3474 1329 3515 a
1372 3456 1688 3517 militibus
1725 3453 2038 3516 flammam
2070 3454 2258 3533 jussit.
2327 3452 2444 3513 sed
2477 3452 2640 3512 haec

666 3533 745 3594 ab
784 3536 1123 3617 oppidanis
1152 3535 1327 3597 ultro
1358 3538 1745 3619 augebatur,
1787 3537 2023 3619 picem,
2069 3547 2404 3603 sarmenta,
2449 3532 2639 3615 quid-

668 3615 825 3695 quid
880 3616 1111 3677 alendo
1160 3617 1295 3699 igni
1344 3618 1836 3702 reperiebatur,
1899 3616 2134 3698 cupide
2175 3614 2639 3695 injicientibus.

664 3696 853 3759 Bruti
899 3698 1115 3780 potius
1158 3696 1325 3760 hanc
1366 3701 1637 3783 patriam
1681 3700 1810 3760 ess'e
1853 3711 2148 3781 putares,
2212 3716 2406 3779 quum
2455 3694 2640 3755 ‹lele-

664 3794 849 3839 retur
896 3802 933 3841 a
981 3779 1155 3853 suis,
1211 3780 1289 3841 ab
1332 3781 1458 3842 hoc
1497 3780 1984 3843 defenderetur.
2067 3778 2182 3839 Ille
2220 3792 2286 3838 et
2325 3778 2392 3837 in
2429 3777 2636 3843 urbe,

666 3874 733 3922 et
772 3863 921 3943 quia
965 3876 1235 3943 propter
1277 3863 1614 3925 tumultum
1663 3860 2160 3945 incendiumque
2197 3858 2362 3931 nihil
2397 3856 2640 3941 profici

664 4118 715 4176 x
718 4052 815 4173 {31⁸
900 4050 1167 4174 'i’lanI‘
1203 4048 1362 4125 Lips.
1384 4028 1706 4107 Poliorcet.
1737 4048 1778 4104 l.
1801 4065 1856 4107 s·
1887 4047 2044 4105 Dial.
2071 4064 2124 4104 s.
2159 4046 2414 4121 Appian-
2487 4047 2636 4121 Cap.
