2892 4684
725 243 846 318 740
943 235 1344 301 naaman.
1374 235 2200 303 SUPPLEMENTORUM
2222 239 2506 302 1‚m.ct.
2536 333 2548 342 .

391 433 530 490 ue·
555 437 680 504 ⁰73²·
729 445 1134 517 cedentibus,
1177 443 1451 506 factioni
1490 463 1751 506 suorum
1785 441 2085 506 resistere
2124 465 2253 505 non
2277 448 2513 530 potuit,
2558 447 2700 507 fra-

391 505 550 562 A·c·
577 525 666 567 ’θ’
728 542 892 589 trem
921 525 1058 606 ejus
1095 526 1410 586 minorem
1444 540 1595 586 natu
1630 527 1974 609 Tigranem
2014 525 2092 585 ad
2135 547 2404 609 regnum
2448 547 2697 591 vocan-

727 609 926 686 tium3
972 627 1160 690 quem
1184 649 1201 680 ,
1244 606 1629 667 Alexandria
1657 621 1835 690 capta
1860 649 1876 682 ,
1923 608 2161 668 Caesar
2186 611 2450 670 Romam
2490 609 2699 670 addu-

723 702 928 750 xerat.
1011 688 1217 772 Igitur
1262 689 1498 750 Caesar
1534 689 1839 770 privigno
1889 707 2007 750 suo
2046 688 2148 747 Ti.
2192 691 2441 752 Neroni
2478 703 2691 784 nego-

662 788 678 830 ··.
724 771 880 847 tium
912 767 983 830 id
1032 769 1333 848 permisit
1356 811 1373 840 ‚
1419 768 1738 830 Archelao
1770 788 2028 854 quoque
2066 771 2313 831 monito
2337 813 2353 842 ,
2398 785 2470 832 ut
2510 772 2695 848 adju-

722 863 927 914 varet.
1014 849 1168 919 Sed,
1215 850 1585 932 priusquam
1624 849 1691 910 hi
1722 849 2067 935 quidquam
2105 851 2511 926 molirentur,
2558 856 2689 912 Ar.

722 933 922 1006 taxias
975 929 1127 991 d'olo
1176 932 1408 1014 propin
1460 951 1686 992 uorum
1727 933 1982 993 occisus
2034 929 2143 992 est.
2228 933 2541 994 Tiberius
2574 933 2691 992 Ti-

722 1015 908 1098 grani
948 1031 1211 1072 vacuam
1249 951 1691 1108 potrelfionem
1738 1013 1927 1095 regni
1962 1011 2267 1084 tradidit,
2326 1013 2693 1076 diademate

727 1115 851 1177 pro
894 1093 1200 1156 tribunali
1250 1093 1577 1174 imposito.
1664 1095 2183 1176 supplicationes
2246 1095 2329 1153 ob
2370 1094 2537 1156 haec
2578 1095 2693 1154 de·-

727 1189 945 1236 cretae
982 1193 1134 1257 spes
1168 1173 1601 1238 adolescentis
1632 1173 1973 1246 inflamnt,
2043 1195 2201 1258 quas
2242 1195 2493 1257 nuper,
2544 1177 2697 1236 dum

722 1257 791 1323 in
823 1257 1070 1338 Syriam
1096 1257 1451 1318 exercitum
1484 1276 1605 1338 per
1624 1256 2065 1318 Macedoniam
2094 1256 2293 1326 ducit,
2324 1257 2498 1339 apud
2534 1257 2693 1318 Phi-

625 1361 683 1420 χ
725 1337 946 1420 lippos
987 1350 1412 1420 conceperat3
1488 1357 1679 1419 quum
1722 1359 1866 1410 ara,
1926 1337 2241 1420 quondam
2281 1336 2359 1397 ab
2404 1339 2697 1399 Antonio

663 1459 670 1474 ,
725 1416 1107 1480 victricibus
1143 1418 1208 1478 in
1252 1416 1469 1481 castris
1503 1419 1753 1500 posita,
1797 1419 2093 1479 adolente
2125 1418 2404 1491 nemine,
2454 1419 2699 1481 subitis

723 1499 986 1581 ignibus
1024 1500 1398 1562 colluxill'et.
1443 1501 1709 1584 Jamque
1738 1497 2077 1561 crescendi
2103 1499 2467 1562 facultatem
2498 1513 2569 1562 et
2600 1500 2697 1563 vi-

724 1581 928 1642 tricus
981 1578 1207 1653 dabat,
1269 1581 1638 1662 legionibus
1702 1581 2195 1666 provinciisque
2254 1580 2693 1662 praeficiens,

725 1675 794 1722 et
820 1659 1048 1722 relicta
1076 1682 1197 1744 per
1224 1661 1471 1744 aliquot
1497 1681 1696 1724 annos
1726 1662 1997 1723 orientis
2026 1682 2363 1754 curm-quo
2394 1675 2695 1757 tempore
2817 1719 2818 1726 ,

725 1756 793 1803 et
825 1731 1182 1825 Tigranes,
1246 1743 1591 1804 Armeniae
1629 1763 1744 1804 rex
1766 1785 1784 1813 ,
1831 1757 1898 1806 et
1930 1743 2129 1804 liberi
2166 1763 2305 1821 ejus
2329 1785 2347 1814 ,
2392 1765 2595 1826 quum
2631 1765 2699 1803 in

723 1842 996 1906 regnum
1032 1837 1222 1908 atque
1245 1821 1715 1886 matrimonium
1752 1825 2067 1907 Aegyptio
2097 1842 2277 1884 more
2316 1824 2553 1885 sociati
2594 1847 2697 1886 es-

725 1918 904 1976 sent,
965 1905 1369 1967 interierant.
1456 1909 1618 1966 Tum
1658 1904 1817 1984 juss'u
1856 1904 2113 1988 Augusti
2156 1904 2465 1966 Tiberius
2505 1906 2695 1967 Arta-

692 1983 963 2048 ‘vasden
988 1985 1332 2069 imposuit:
1387 1985 1503 2048 sed
1524 1985 1666 2068 ipse
1697 2007 1954 2072 quoque
1990 1986 2203 2068 paullo
2234 1983 2369 2066 post
2403 1985 2701 2066 dejectus

726 2066 849 2139 eft,
915 2087 1045 2128 non
1085 2067 1226 2130 sine
1261 2066 1445 2132 clade
1488 2069 1796 2132 Romana.
1882 2069 2183 2134 Ceterum
2216 2067 2374 2130 haec
2414 2065 2701 2150 postmo-

724 2147 874 2210 dum
917 2149 1320 2212 adciderunt.
2450 2163 2463 2176 ·

353 2260 572 2347 ,rafica
605 2257 682 2308 ¹1·
775 2299 786 2320 ,
845 2257 1078 2318 xxvt.
1124 2261 1288 2320 Tum
1328 2278 1491 2322 vero
1524 2256 1837 2342 Augustus
1864 2303 1883 2334 ,
1944 2277 2024 2322 ex
2056 2260 2307 2323 oriente
2344 2278 2697 2328 reversus,

349 2327 698 2401 gataeoadoae.
725 2338 961 2405 itewm
995 2339 1363 2404 hibernavit
1409 2341 1603 2413 Sami,
1650 2341 2165 2426 libertatemque,
2207 2341 2475 2404 velutin
2518 2359 2701 2400 mer·-

349 2412 543 2452 ⁸⁰²'‘¹'⁸·
723 2418 949 2481 cedem
989 2419 1295 2504 hospitii,
1357 2423 1587 2482 Samiis
1624 2421 1829 2484 dedit.
1911 2429 2047 2486 Nec
2082 2424 2174 2484 ibi
2220 2445 2344 2506 per
2382 2441 2577 2502 segne
2610 2441 2690 2479 o·

723 2500 884 2561 tiu‘m
921 2499 1278 2564 traductum
1315 2516 1567 2584 tempus
1610 2501 1717 2574 est,
1762 2505 2099 2566 multarum
2130 2507 2450 2564 nationum
2486 2521 2563 2562 re
2612 2522 2695 2560 u·

723 2581 808 2643 lis
856 2601 936 2645 eo
975 2582 1288 2666 legatisve
1335 2580 1831 2646 confluentibus.
1918 2589 2119 2648 Tanta
2174 2587 2346 2646 enim
2406 2581 2597 2660 maiel
2624 2601 2696 2642 as

727 2663 1026 2724 Caesaris
1062 2664 1222 2738 fuit,
1267 2678 1336 2724 ut
1367 2663 1641 2746 Scythae
1666 2709 1684 2736 ‚
1730 2667 2145 2728 Garamantes
2169 2707 2186 2738 ,
2234 2680 2299 2728 et
2338 2663 2697 2734 Bactriani,

727 2757 1024 2806 oratores
1062 2743 1156 2806 de-
1193 2739 1467 2806 foedere
1509 2747 1859 2808 mitterent.
1947 2747 2081 2809 Sed
2111 2767 2269 2829 prae
2316 2745 2561 2808 ceteris
2595 2749 2697 2805 ln-

729 2825 873 2886 dica
909 2827 1232 2889 celebrata
1273 2828 1515 2910 legatio
1562 2825 1691 2899 est,
1752 2849 1787 2889 a
1818 2828 2151 2904 Pandione
2192 2829 2368 2889 miss'a
2408 2839 2477 2888 et
2520 2829 2697 2888 Poro

725 2907 1034 2988 regibus3
1099 2927 1370 2991 quorum
1401 2908 1567 2968 alter
1608 2909 1832 2993 utique
1923 2907 2059 2970 rius
2092 2911 2159 2970 in
2194 2921 2555 2970 extremum
2592 2927 2701 2966 us-

729 3007 856 3070 que
885 2989 1288 3050 occidentem
1311 2990 1633 3051 amicitiae
1655 3003 1847 3072 peten
1896 3010 1971 3052 ae
1996 2991 2199 3052 cauffa
2221 2989 2301 3050 ad
2322 2985 2703 3070 Augustum,

727 3068 799 3130 in
833 3071 1144 3153 Hispania
1175 3071 1679 3152 belligerantem
1700 3113 1719 3142 ,
1788 3069 2143 3154 legaverat.
2225 3071 2538 3134 Nicolaus
2572 3069 2706 3128 Da-

727 3169 1104 3225 mascenus,
1149 3152 1262 3236 qui
1303 3172 1374 3213 se
1409 3151 1529 3212 hos
1560 3151 1789 3214 vidiss'e
1826 3152 2211 3214 Antiochiae
2248 3151 2519 3220 scribit,
2564 3163 2705 3210 tres

725 3213 972 3292 ta⁰ntum
1005 3232 1368 3317 perveniss'e
1413 3237 1638 3293 auctor
1668 3231 1789 3304 est,
1853 3235 2093 3295 ceteris
2123 3233 2188 3294 in
2234 3234 2476 3294 itinere
2528 3249 2711 3290 mor-

671 3313 690 3365 '·
725 3311 877 3372 tuis.
923 3314 1203 3396 plurium
1225 3313 1395 3376 enim
1429 3315 1673 3376 mentio
1706 3311 1899 3386 fiebat
1921 3315 1987 3375 in
2022 3315 2255 3385 literis,
2306 3334 2465 3396 quas
2492 3313 2707 3374 Grae·
2744 3355 2755 3366 .

727 3411 807 3456 co
835 3414 1133 3456 sermone
1161 3395 1439 3476 scriptas
1463 3395 1822 3456 adtulerant
1846 3397 1911 3455 in
1936 3395 2105 3457 hunc
2134 3415 2431 3457 sensum:
2474 3419 2515 3454 α
2538 3399 2707 3457 Poro

726 3475 953 3532 scribi.-
1005 3477 1147 3546 φιί,
1199 3484 1266 3530 ta
1333 3478 1451 3532 etsi
1486 3476 1736 3548 regibus
1770 3479 2068 3534 sexcentis
2102 3479 2391 3543 imperet,
2446 3473 2709 3546 plurimi

731 3545 1080 3600 amicitiam
1097 3545 1272 3616 facia
1319 3547 1619 3606 Rae-raris,
1660 3549 1988 3600 transitum
2011 3546 2271 3600 daturus
2301 3546 2376 3606 εἰ,
2416 3562 2709 3614 quocum-

728 3631 839 3684 que
869 3621 1124 3686 pergat,
1179 3622 1240 3669 et
1274 3610 1603 3686 adjuturus
1632 3615 1701 3669 in
1749 3613 2017 3688 quolibet
2054 3611 2227 3687 justo
2256 3613 2534 3686 negotio.

796 3757 878 3810 Ga
929 3794 945 3810 .
977 3756 1155 3811 XXV.
1209 3755 1458 3829 Eutrop.
1487 3757 1630 3812 Dios
1680 3758 1894 3829 Supra,
1931 3757 2049 3824 133,
2081 3757 2169 3824 64.
2222 3758 2438 3812 Euscb.
2472 3759 2707 3816 Chron.
2817 3793 2818 3800 κ

731 3824 864 3877 Stra
916 3841 982 3891 o,
1019 3823 1062 3876 l.
1102 3843 1185 3892 ¹7·
1223 3841 1283 3895 p.
1312 3825 1436 3881 821.
1492 3825 1735 3896 Joseph.
1768 3825 1862 3890 15,
1894 3827 1950 3880 5.
2004 3825 2142 3881 Dio.
2196 3827 2337 3880 Tac.
2368 3827 2528 3881 Anu.
2564 3848 2621 3896 2,
2652 3831 2708 3884 3.

730 3893 894 3946 Suet.
936 3891 999 3944 in
1029 3892 1168 3968 Tib,
1198 3891 1442 3960 9.-Dio.
1500 3895 1747 3949 Sueton.
1801 3891 1935 3946 Tib.
1980 3899 2061 3959 ¹4·
2116 3891 2255 3950 Dio.
2306 3895 2463 3950 Vsu.
2504 3915 2573 3963 s,
2619 3905 2711 3966 9⁴.

726 3959 874 4030 Cap.
899 3961 1108 4013 XXVI.
1149 3961 1288 4012 Tac.
1326 3960 1481 4014 vett.
1522 3965 1660 4016 Tac.
1700 3959 1839 4020 Dio.
1877 3961 2092 4016 Euseb.
2123 3963 2344 4018 Chron.
2381 3963 2533 4018 Dio.
2564 3964 2715 4019 Sue·

727 4039 856 4080 ton.
891 4027 1039 4099 Aug·
1073 4045 1158 4081 αι.
1198 4027 1362 4080 Flor.
1395 4034 1448 4093 4,
1478 4046 1557 4082 m.
1601 4030 1827 4083 Auctor
1854 4026 1927 4084 de
1958 4029 2333 4095 virisjllustr.
2370 4031 2635 4105 Eutrop.
2666 4032 2711 4086 1.

726 4115 784 4165 7.
823 4097 997 4152 Oros.
1025 4097 1078 4163 6,
1111 4113 1198 4152 aa.
1235 4095 1455 4152 Euseh.
1490 4097 1712 4155 chron.
1748 4095 1886 4155 Dio.
