2892 4684
665 245 758 340 ιθ
839 235 1244 312 Fnemsn.
1266 205 2104 312 SUPPLEMENTonm
2128 247 2597 316 mmmmv.
2638 291 2649 296 -

293 517 304 530 ⁴
367 453 441 512 U.
459 457 654 526 c.7o3.
681 453 1033 538 Pompeius
1059 451 1472 536 flecteretur3
1502 477 1717 540 neque
1738 456 2036 526 Caesaris
2056 458 2247 522 amici
2267 473 2673 538 recusarent,

367 527 528 582 A.c.
548 533 638 598 49·
729 557 814 598 uo
849 529 1063 598 minus
1104 535 1453 618 unadegione
1484 560 1603 600 cum
1626 539 1857 617 Ilgyrico
1886 544 2171 620 provincia
2206 561 2493 604 contentus
2530 543 2673 606 Cae-

707 639 774 676 ar
809 617 955 699 effet.
1042 619 1172 681 Sed
1211 619 1416 682 mirus
1451 619 1780 682 invaserat
1812 619 2003 683 furor
2035 621 2367 684 hominum
2393 637 2671 701 mentes,

674 713 748 760 ut
781 701 1002 783 potius
1041 701 1222 764 civili
1258 701 1437 763 bello
1479 701 1706 764 collidi
1738 715 2106 787 cuperent:
2164 706 2443 768 Lentulo
2477 727 2670 790 prae-

677 780 906 843 sertim
948 781 1380 866 implacabili,
1424 783 1577 866 qui,
1624 784 1797 846 salva
1836 786 2217 867 republica,
2281 787 2492 850 salvus
2541 790 2671 850 effe

673 883 808 924 non
884 876 1127 938 oterat‚
1175 879 1241 926 et
1267 869 1355 926 Μ.
1387 865 1661 942 Catone,
1706 880 1989 951 negante
2023 867 2349 931 facturum
2385 869 2548 930 ullas
2585 869 2668 932 de

256 989 292 1050 l
672 947 839 1030 repu
888 945 1010 1008 lica
1048 947 1412 1032 pactiones.

319 1066 652 1120 Caesarum·
759 1119 766 1126 ,
799 1053 1036 1114 XXXI.
1081 1051 1259 1147 Quin
1295 1073 1511 1137 neque
1548 1052 1775 1116 literas
1796 1053 2093 1116 Caesaris
2128 1055 2199 1114 in
2230 1068 2457 1118 senatu
2494 1058 2667 1121 reci-

293 1138 514 1209 perium
551 1136 647 1190 ab·
677 1148 816 1198 tare
849 1134 1156 1198 consules
1189 1134 1532 1198 volebant:
1593 1156 1781 1220 quam
1832 1156 1976 1196 uam
2008 1136 2207 1196 Curio
2227 1178 2245 1209 ,
2290 1157 2373 1198 ne
2402 1141 2667 1222 suppri-

297 1217 530 1274 rogatur
573 1204 635 1258 ⁸⁶¹³
663 1230 1054 1290 merentur,
1118 1217 1188 1276 in
1230 1217 1372 1300 ipsa
1418 1217 1603 1278 curia
1647 1216 1797 1279 exhi
1846 1230 2067 1278 ueratz
2136 1216 2349 1282 donec
2387 1219 2471 1314 Q.
2509 1223 2665 1284 Cas·

293 1286 514 1330 ''⁸⁶⁸¹‘’
678 1297 818 1360 sius
861 1299 1240 1382 Longinus,
1306 1303 1396 1360 M.
1441 1299 1766 1360 Antonius
1820 1297 2079 1361 tribuni
2129 1299 2344 1382 plebis
2398 1302 2665 1364 recitari

671 1380 937 1465 publice
967 1378 1302 1461 jufferunt.
1384 1381 1591 1441 Erant
1619 1379 1773 1442 illae
1806 1395 2027 1443 cetera
2061 1379 2327 1464 quidem
2345 1380 2667 1454 leniffime
2786 1387 2793 1394 ’

674 1462 1001 1546 scriptae3
1073 1459 1194 1522 sed
1227 1458 1785 1544 postremaverba
1824 1460 2221 1536 effecerant,
2270 1478 2341 1526 ut
2378 1465 2669 1528 minaces

667 1557 736 1605 et
768 1544 1041 1605 acerbae
1069 1541 1482 1612 viderentur.
1561 1545 1753 1619 Sane,
1796 1565 1992 1629 quum
2026 1544 2487 1620 recitarentur,
2525 1546 2667 1622 bei?

666 1625 802 1686 lum
831 1623 1000 1686 haud
1036 1623 1318 1687 obscure
1351 1623 1734 1689 denunciari
1765 1627 2231 1689 conclamatum
2263 1623 2370 1689 est.
2431 1629 2668 1693 Seces-

669 1707 925 1767 sionem
961 1706 1200 1768 deinde
1231 1704 1455 1770 facere
1491 1709 1798 1771 consules
1829 1705 2229 1792 coeperunt,
2284 1710 2519 1785 veriti,
2578 1731 2665 1774 ne

668 1788 882 1862 forte,
945 1791 1000 1852 si
1041 1807 1209 1852 voce
1253 1789 1619 1854 sententiae
1660 1789 2074 1863 dicerentur,
2119 1787 2307 1851 multi
2343 1810 2667 1874 verecun-

667 1867 814 1942 dia,
878 1872 1104 1954 plures
1167 1884 1346 1933 metu
1405 1873 1744 1947 Caesaris,
1811 1872 2037 1932 mitius
2094 1887 2462 1934 censerent.
2563 1874 2661 1936 Ibi

667 1969 867 2035 quum
919 1951 1001 2014 de
1045 1955 1324 2016 Caesare
1375 1953 1780 2026 referretur,
1842 1951 2083 2034 ipfiemue
2130 1969 2330 2035 ponere
2372 1959 2695 2037 imperium.

665 2033 916 2094 vellent?
964 2035 1032 2095 in
1065 2055 1202 2096 eam
1231 2049 1486 2118 partem
1517 2054 1743 2097 omnes
1771 2034 2235 2112 discess'erunt3
2278 2035 2663 2119 Pompeium

663 2135 858 2258 nelt'no
916 2115 1214 2178 sustinuit
1263 2117 1648 2181 offendere:
1710 2131 1992 2180 armatus
2044 2117 2219 2178 enim
2269 2117 2413 2195 hic,
2474 2133 2541 2182 et
2579 2118 2661 2180 ad

665 2217 747 2257 nr
795 2217 894 2258 em
937 2212 1098 2261 erat.

303 2304 646 2362 Senatus-con·
791 2305 1055 2366 xxxn.
1108 2309 1198 2368 Μ.
1238 2319 1453 2370 tamen
1484 2305 1837 2369 Marcellus
1876 2324 2008 2366 non
2048 2317 2195 2366 ante
2236 2297 2665 2362 referendum

177 2405 192 2430 ‘
289 2375 498 2460 {⁸3⁸⁸
541 2373 641 2430 ⁵³·
669 2383 752 2446 de
791 2387 1129 2469 republica
1170 2389 1459 2462 censuit,
1504 2409 1695 2473 quam
1775 2386 2129 2450 raesidium
2170 2397 2429 2446 senatus
2459 2382 2661 2445 habe-

284 2455 503 2514 ²'“¹‘'''·
665 2481 772 2529 ret
808 2482 950 2528 tuto
992 2483 1059 2532 et
1092 2470 1344 2542 libere,
1399 2489 1565 2555 quae
1610 2471 1715 2532 vel
1746 2482 1848 2542 et,
1902 2465 2326 2530 decernendi.
2410 2467 2500 2526 M.
2539 2466 2660 2526 Ca-

662 2547 864 2611 lidius
897 2551 1282 2636 Pompejum
1309 2550 1577 2633 jubebat
1609 2551 1681 2612 in
1716 2572 1862 2612 suas
1894 2547 2269 2634 provincias
2296 2543 2661 2631 proficisci,

661 2651 748 2692 ne
833 2653 909 2692 ua
949 2633 1108 2696 ess'et
1141 2653 1468 2696 armorum
1506 2633 1750 2694 causs'az
1805 2631 2227 2714 eamdemque
2274 2628 2663 2692 sententiam

661 2715 753 2775 M.
841 2714 1314 2788 oeliusRusus,
1358 2713 1554 2775 modo
1597 2713 1929 2778 aedilitate
2014 2713 2374 2783 ersunctus,
2424 2731 2663 2793 seque-

660 2791 874 2858 batur.
935 2797 1286 2860 Praeterea
1320 2797 1390 2858 C.
1419 2795 1622 2860 Curio
1655 2795 1826 2858 haud
1857 2795 1925 2857 di
1983 2794 2325 2855 imulanter
2351 2813 2477 2876 pro
2499 2799 2661 2866 Cae-

667 2895 812 2938 sare
859 2879 1229 2960 pugnabat.·
1291 2877 1423 2940 Sed
1474 2877 1711 2939 horum
1770 2877 1913 2938 sine
1961 2873 2330 2960 magistratu
2385 2871 2661 2935 studium

661 2955 939 3020 levioris
979 2980 1221 3043 operae
1257 2959 1400 3024 fuit.
1482 2963 1573 3020 M.
1606 2959 1966 3037 Antonius,
2014 2955 2355 3020 tribunitia
2384 2954 2660 3039 potesta-

659 3055 731 3104 te
769 3037 1113 3116 auhnixus,
1160 3037 1700 3125 quemadmodum
1732 3041 1933 3104 Curio
1971 3059 2204 3123 nuper,
2251 3036 2333 3098 de
2372 3037 2661 3120 utroqu'e

663 3122 1056 3204 conjunctim
1111 3121 1537 3186 referendum
1587 3122 1717 3185 ess'e
1764 3121 2327 3208 clamitabat‘cum
2373 3118 2663 3182 adsensu

661 3205 970 3268 Patrum:
1014 3220 1081 3269 et
1118 3219 1338 3279 erant,
1385 3205 1500 3288 qui
1544 3203 2001 3267 disceffionem
2042 3201 2435 3282 flagitarent.
2522 3195 2660 3264 Sed

665 3307 743 3348 ea
781 3286 1046 3372 quidem
1081 3309 1194 3352 res
1231 3310 1266 3349 a
1304 3287 1683 3351 consulibus
1720 3285 2035 3384 impedita
2068 3281 2191 3346 est:
2234 3297 2663 3346 senatuscon-

479 3419 485 3428 .
668 3369 877 3444 salto,
939 3371 1118 3455 quod
1173 3367 1375 3434 fiebat
1426 3368 1498 3430 in
1548 3384 1939 3433 sententiam
1983 3365 2237 3432 Metelli
2284 3365 2655 3450 Scipionis,

333 3466 443 3524 023
477 3466 641 3523 iuter.
664 3454 758 3511 mi
806 3470 936 3512 ante
977 3473 1182 3513 certam
1224 3452 1370 3514 diem
1417 3456 1717 3513 exercitum
1760 3454 2069 3511 dimitteret
2112 3447 2313 3530 Caefizr
2327 3489 2347 3522 ,
2406 3467 2508 3508 aut
2550 3465 2663 3530 pro

285 3537 528 3599 oditur·
663 3531 807 3616 hoste
841 3531 969 3614 effit
985 3573 1005 3609 ‚
1047 3533 1296 3596 tribuni
1333 3530 1549 3618 plebis
1588 3533 2110 3598 intercess’erunt.

791 3641 1084 3702 xxxm.
1143 3635 1501 3712 Postridie,
1561 3659 1758 3725 quum
1795 3640 2033 3702 iterum
2077 3649 2339 3702 senatus
2376 3637 2661 3724 habere-

667 3737 798 3798 tur,
841 3723 918 3784 L.
943 3723 1106 3784 Piso
1137 3741 1399 3798 censor,
1443 3722 1733 3806 itemque
1760 3733 2027 3808 praetor
2052 3721 2128 3782 L.
2154 3721 2461 3798 Roscius,
2494 3741 2664 3807 quo-

735 3881 885 3954 Cap.
911 3883 1085 3937 XXX.
1123 3878 1253 3935 Cic.
1284 3877 1360 3934 ad
1385 3881 1549 3934 Fam.
1575 3881 1661 3948 16,
1687 3895 1770 3934 ιι.
1804 3878 1961 3934 Plut.
1998 3878 2125 3938 cic.
2162 3879 2237 3935 ad
2263 3881 2428 3936 Fam.
2454 3880 2539 3945 16,
2564 3893 2654 3933 n.

663 3947 828 4018 ,Vell-
857 3968 912 4020 ι,
977 3968 1034 4031 q.
1104 3947 1254 4022 Cap.
1285 3950 1490 4004 xxxl.
1528 3947 1701 4004 Caes·
1737 3945 1811 4002 de
1837 3949 1911 4004 Β.
1936 3947 2109 4006 civil.
2141 3949 2186 4006 1.
2218 3971 2269 4010 ι.
2314 3948 2451 4005 Dio.
2492 3947 2653 4006 Plut.

663 4017 890 4076 Anton.
994 4035 1072 4074 ic.
1103 4015 1182 4075 ad
1213 4021 1378 4075 Fam.
1412 4021 1509 4085 16,
1544 4035 1629 4074 ιι.
1681 4016 1939 4090 Appian.
1986 4019 2129 4077 Dio.
2219 4019 2370 4090 Cap.
2414 4017 2661 4074 xxxn.

667 4084 840 4145 Caes.
880 4087 1035 4142 Plut.
1071 4087 1243 4142 Caes.
1269 4097 1328 4145 ct
1341 4088 1563 4143 Antan.
1604 4087 1774 4146 Caes.
1810 4087 1968 4148 Plut.
1988 4089 2163 4149 Cae!-
2196 4087 2367 4148 Caes.
2382 4087 2655 4162 Appian-

537 4195 548 4206 ae
665 4159 819 4233 Cap·
851 4157 1112 4218 xxxm-
1146 4157 1287 4216 Dio.
1321 4156 1484 4216 Plut.
1517 4155 1691 4215 Caes.

2343 4295 2385 4308 -·
2414 4276 2569 4324 'iguo
