2892 4684
634 243 725 308 m
766 238 1083 306 Locum
1120 239 1289 306 Lm.
1336 239 1538 310 CXV.
1581 237 1818 308 L1v11.
2039 177 2052 196 Ι
2103 235 2228 306 2⁰3

214 451 575 535 displicuit
610 453 873 514 Caesari
894 497 913 527 ,
954 452 1309 535 potiusque
1342 451 1594 522 visum,
1641 462 1710 512 et
1743 449 1897 512 illos
1935 449 2224 535 quinque
2278 447 2354 506 U.
2385 465 2444 505 ο.
2471 445 2600 518 706.-

214 534 428 606 dies,
468 547 535 596 et
565 535 729 596 alios
768 535 1041 618 insuper
1076 533 1243 595 duos
1274 531 1644 596 Februario
1682 529 2034 606 detractos,
2076 552 2224 594 cer·
2279 517 2356 576 Ᾰ·
2389 518 2461 576 0·
2489 519 2584 588 4⁶·

220 617 327 679 tis
378 617 703 678 mensibus
748 616 1071 696 adjicere,
1130 629 1201 676 et
1248 613 1640 698 quadrantes
1693 612 1828 675 diei
1869 614 1997 692 (eo
2051 614 2226 676 enim

220 699 453 762 ferme
490 699 697 780 spatio
740 699 900 760 solis
944 695 1295 760 conversio
1334 695 1478 758 dies
1517 708 1852 758 trecentos
1891 697 2226 780 sexaginta

226 779 525 863 quinque
556 782 849 864 superat)
886 777 1226 862 colligere,
1260 777 1474 840 donec
1507 798 1586 839 ex
1614 777 1720 839 his
1752 777 2050 840 confecta
2079 775 2225 842 dies

228 873 467 944 quarto
507 881 765 946 quoque
801 881 969 922 anno
1003 859 1524 932 intercalaretur,
1567 877 1648 922 eo
1681 879 1904 922 mense
1943 879 2016 922 ac
2049 859 2222 934 loco,

231 961 366 1026 quo
402 944 589 1004 etiam
626 943 793 1026 apud
824 953 1087 1006 veteres
1118 941 1496 1004 intercalari
1524 956 1974 1016 consueverat,
2017 940 2086 1002 id
2107 938 2220 1013 est,

231 1037 383 1085 ante
434 1025 722 1108 quinque
769 1025 1034 1088 ultimos
1074 1022 1427 1085 Februarii
1480 1021 1728 1083 mensis
1779 1021 1956 1099 dies3
2018 1021 2086 1082 id
2134 1041 2220 1086 ue

227 1104 573 1168 biss'extum
612 1108 937 1176 censuina
988 1104 1392 1188 pellandum,
1459 1101 1637 1188 quod
1673 1103 1974 1164 nimirum
2015 1103 2086 1164 id
2161 1103 2222 1166 i-

228 1185 431 1248 duum
472 1209 595 1272 pro
635 1210 767 1251 uno
806 1188 913 1251 die
941 1129 1217 1264 iuberi,
1288 1201 1356 1250 et
1396 1186 1574 1250 diem
1614 1198 1868 1247 sextum
1901 1184 2222 1250 Kalendas

226 1269 504 1331 Martias
542 1271 765 1350 vocari
800 1270 1081 1333 volebat.

354 1373 591 1436 XXXI.
646 1375 731 1436 Ut
764 1376 965 1459 igitur
998 1391 1125 1440 tam
1160 1373 1359 1439 foede
1396 1373 1652 1436 luxatus
1679 1355 1888 1436 'annus
1925 1369 2005 1434 ad
2045 1369 2220 1434 side·
2277 1357 2598 1442 Aff'mf‘n·

228 1477 381 1520 rum
420 1457 720 1540 coelique
764 1457 944 1542 leges
980 1471 1444 1530 revocaretur,
1491 1477 1688 1540 quum
1723 1455 1874 1518 illos
1910 1475 2222 1538 superva·
2238 1423 2510 1495 mmm·

233 1559 399 1600 euos
430 1537 612 1610 dies,
660 1537 741 1600 ad
778 1543 1107 1627 sexaginta
1142 1555 1429 1626 septem,
1475 1537 1654 1600 inter
1684 1537 2120 1604 Novembrem
2149 1555 2226 1600 ac

230 1605 669 1684 flecembrem
712 1619 1073 1702 interjecit3
1117 1637 1251 1686 tum
1283 1641 1578 1684 mensem
1605 1619 2098 1684 Mercedonium
2133 1617 2227 1682 si-

234 1722 319 1766 ve
363 1701 811 1766 intercalarem
830 1748 860 1778 „
909 1707 1019 1789 qui
1060 1725 1139 1768 ex
1175 1701 1652 1766 consuetudine
1695 1703 1766 1764 in
1799 1723 1945 1765 eum
1987 1719 2226 1774 annum

234 1781 585 1856 inciderat,
631 1789 1068 1870 consumpsitz
1112 1785 1285 1848 unde
1318 1785 1559 1848 factum
1591 1782 1700 1858 est,
1745 1798 1816 1846 ut
1847 1803 2051 1845 annus
2081 1781 2221 1855 ille,

237 1867 347 1950 qui
385 1865 797 1930 confusionis
842 1883 981 1930 erat
1016 1869 1321 1940 ultimus,
1380 1867 1452 1928 in
1505 1865 1649 1928 dies
1708 1866 2224 1952 quadringentos

234 1947 661 2032 quadraginta
684 1949 971 2031 quinque
995 1949 1526 2033 protenderetur.
1601 1949 1783 2012 Haec
1811 1948 2022 2011 ferme
2051 1967 2086 2006 a
2112 1965 2229 2008 ve-

234 2029 492 2092 teribus
542 2027 779 2090 tradita
822 2047 1033 2112 nuper
1074 2031 1268 2100 etiam
1316 2030 1666 2093 adsensum
1718 2030 2232 2092 doctiffimorum

235 2110 531 2172 virorum
572 2125 973 2172 meruerunt.
1060 2113 1190 2173 Sed
1219 2113 1349 2174 Dio
1429 2113 1609 2174 lures
1651 2125 1900 2197 septem
1941 2123 2008 2173 et
2043 2127 2230 2170 sexa-

240 2191 415 2273 ginta
460 2188 696 2250 diebus
746 2191 959 2254 tribus
1000 2192 1105 2253 his
1142 2193 1391 2254 interca
1420 2193 1640 2254 aribus
1678 2217 1714 2256 a
1749 2195 2026 2256 Caesare
2070 2209 2230 2251 con-

239 2286 533 2356 sumptos
576 2271 705 2332 ess'e
742 2287 977 2356 negat:
1034 2271 1215 2354 cuius
1251 2272 1632 2356 opinionem
1669 2273 1775 2336 vir
1809 2291 2120 2358 perquam
2158 2291 2232 2333 e·
2281 2283 2289 2292 '

230 2353 493 2415 ruditus
527 2373 564 2414 e
590 2355 800 2416 Gallia
836 2355 1105 2417 minime
1139 2375 1169 2416 s
1218 2352 1530 2416 eruendis
1559 2350 1958 2438 argumentis
1987 2365 2228 2415 tuetur.
2421 2393 2458 2440 ν

224 2437 393 2498 Erat
428 2435 587 2498 haec
626 2457 735 2499 res
771 2449 899 2499 tam
940 2459 1062 2499 usu
1102 2377 1561 2508 saluberrima,
1610 2457 1800 2520 quam
1835 2435 2067 2496 molitu
2101 2431 2230 2496 dif-

226 2515 466 2578 ficilist
522 2531 590 2579 et
626 2519 771 2603 ipse
805 2521 1164 2604 Sosigenes
1186 2562 1203 2592 ,
1247 2519 1462 2581 tribus
1508 2516 1590 2580 de
1627 2537 1702 2580 ea
1739 2517 2232 2581 commentatio-

155 2643 199 2662 κ
221 2599 423 2661 :nibus
458 2597 678 2673 editis,
722 2623 793 2664 se
828 2602 1041 2686 ipsum
1074 2603 1141 2664 in
1175 2598 1559 2686 quibusdam
1595 2600 1938 2684 corrigere
1973 2598 2231 2660 necess'e

222 2679 480 2743 habuit.
562 2698 905 2763 praeterea
956 2684 1119 2744 nihil
1169 2683 1235 2745 in
1278 2684 1387 2746 his
1436 2684 1711 2754 Caesar,
1776 2683 1904 2744 nisi
1951 2678 2033 2742 de
2073 2699 2234 2742 con-

224 2761 389 2826 silio
422 2761 813 2846 principum,
858 2777 965 2825 aut
1004 2766 1194 2827 etiam
1228 2766 1431 2827 totius
1470 2764 1724 2826 ordinis
1760 2763 2033 2827 fecerat.
2097 2766 2231 2824 Ne-

221 2861 364 2928 que
401 2857 613 2904 tamen
646 2841 941 2927 effugere
972 2845 1375 2908 dicacitatem
1400 2847 1735 2908 hominum
1759 2847 1994 2929 potuit.
2034 2841 2227 2917 adeo,

220 2923 349 2987 ubi
386 2924 581 2986 nimia
626 2925 883 2986 taxandi
924 2925 1187 2988 licentia
1224 2927 1530 3000 invaluit,
1588 2947 1720 2989 non
1761 2927 1976 2987 minus
2014 2924 2225 2996 bene,

220 3025 424 3104 quam
460 3025 685 3078 secus,
727 3007 897 3070 facta
924 3007 1516 3092 reprehenduntur.
1584 3011 1754 3071 Sane
1781 3009 2039 3077 Cicero,
2072 3025 2232 3089 qua-

222 3109 297 3151 st
334 3088 552 3172 potius
589 3109 622 3149 a
654 3091 971 3162 Caesare,
1033 3110 1220 3186 quam
1264 3109 1297 3149 a
1330 3090 1550 3162 coelo,
1617 3111 1693 3153 ea
1734 3091 1886 3152 anni
1922 3089 2090 3148 ratio
2127 3085 2230 3146 in-

226 3169 409 3234 dicta
454 3172 645 3246 ell'et,
709 3171 965 3232 cuidam
1004 3170 1285 3244 dicenti,
1348 3191 1491 3233 cras
1519 3175 1751 3255 Lyram
1793 3170 2188 3232 exorituram
2207 3175 2240 3244 ,⁸

233 3253 451 3332 Nempe
492 3275 561 3312 ex
602 3255 845 3324 indicto,
893 3251 1261 3337 respondit'.

357 3361 620 3420 xxxn.
667 3358 799 3422 Sed
836 3359 1011 3421 idem
1048 3357 1285 3420 Cicero
1319 3355 1570 3454 magnis
1607 3349 1926 3441 'verisque‘
1955 3345 2229 3440 praeco·
2287 3349 2486 3406 cun?
2507 3347 2592 3406 n·

230 3439 368 3502 niis
410 3443 754 3504 Caesarem
808 3440 1075 3512 extulit,
1144 3460 1339 3523 quum
1390 3460 1447 3499 ιε
1491 3438 1807 3501 Marcello
1857 3439 2226 3516 consulari,
2253 3418 2618 3542 sszmhn‘

233 3521 633 3585 mentionem
683 3524 822 3602 ejus
866 3523 1196 3585 inferente
1237 3523 1311 3581 L.
1342 3520 1631 3592 Pisone,
1698 3534 1764 3582 et
1805 3523 1877 3583 C.
1913 3521 2227 3584 Marcello
2251 3505 2618 3612 ausuum

236 3601 323 3665 ad
360 3601 561 3684 pedes
596 3625 667 3668 se
704 3605 1050 3687 abjiciente
1074 3647 1092 3679 ,
1158 3616 1385 3666 senatu
1422 3603 1620 3664 etiam
1661 3617 1970 3686 surgente
2012 3615 2078 3665 et
2119 3623 2228 3665 ro-

306 3793 453 3864 Cap.
485 3791 658 3847 XXX.
696 3793 966 3849 Macrob.
1004 3796 1249 3852 Saturn.
1280 3813 1331 3863 ι,
1366 3797 1452 3861 ιά.
1479 3803 1539 3849 et
1571 3793 1653 3850 15.
1695 3789 1988 3847 Herodot.
2011 3809 2060 3846 s.
2087 3791 2222 3851 init.

234 3863 371 3920 Dio.
395 3869 455 3916 et
472 3862 707 3916 Sueton.
730 3871 789 3915 et
802 3863 1113 3918 censorin.
1140 3864 1213 3920 (le
1228 3865 1337 3918 Die
1357 3863 1564 3931 natali,
1594 3881 1651 3917 c.
1675 3879 1766 3917 20·
1803 3872 1864 3916 et
1881 3859 2055 3916 ovid.
2077 3863 2222 3918 Fast.

238 3935 297 3994 8.,
316 3933 429 3986 ι55.
465 3931 612 4000 Cap.
628 3931 832 3985 XXXI.
855 3933 1122 3987 Maerob.
1144 3937 1209 3988 1..
1225 3933 1313 4005 98.
1333 3934 1409 3986 D.
1427 3931 1768 3987 deverbor.
1789 3929 1950 4004 Sign.
1973 3929 2220 3988 Sueton-

236 4001 388 4056 Plut.
427 3999 675 4055 Sueton.
715 3999 985 4055 Macrob.
1012 4011 1071 4054 et
1092 4001 1409 4057 Censorin.
1448 4001 1587 4054 Dio.
1619 4001 1864 4054 Putean.
1905 4018 1952 4054 ι.
1990 3998 2064 4052 de
2092 3999 2224 4053 Bis·

240 4079 377 4124 sext.
419 4085 471 4121 e.
510 4085 591 4122 ιο.
641 4067 791 4122 Plin.
830 4070 915 4136 18,
943 4071 1031 4123 25.
1080 4071 1218 4126 Dio.
1268 4071 1423 4124 Plut.
1497 4071 1645 4141 Cap.
1678 4066 1913 4125 xxxu.
1947 4069 2073 4125 Cic.
2105 4085 2222 4141 pro
2329 4137 2335 4144 ‚

238 4137 500 4195 namen.
552 4135 677 4194 Cic.
710 4137 787 4195 ad
814 4141 979 4196 Fam.
1010 4139 1067 4208 4,
1092 4143 1149 4209 4.
1185 4149 1245 4195 et
1268 4157 1385 4214 pro
1410 4142 1603 4206 ,Μαι-ο.
1625 4141 1686 4208 4.
