2892 4684
658 261 755 344 ω’
786 274 1093 342 Loctm
1128 275 1297 338 mn.
1344 273 1544 341 cxv.
1589 271 1818 339 mvn.
2131 267 2246 350 195

244 514 355 579 qua
384 513 497 555 una
526 495 587 550 in
620 510 681 550 re
712 508 793 547 me
810 486 1008 570 fateor
1044 479 1147 563 effe
1178 479 1770 563 intemperantiorem?
1817 483 1910 542 An
1947 501 2054 540 non
2076 519 2094 554 ,
2150 483 2246 561 qni
2276 475 2377 542 ,th
2409 495 2465 532 ο.
2493 477 2618 547 706.

248 596 309 639 et
343 575 505 657 diligi
540 592 573 630 a
602 569 965 652 praefintibus
988 607 1009 640 ‚
1066 585 1121 624 et
1160 565 1385 624 laudari
1428 583 1464 621 a
1503 563 1733 644 posteris
1775 563 1926 625 volet
1945 600 1964 638 ,
2025 579 2244 643 operam
2301 547 2376 605 A·
2403 548 2470 604 C·
2497 553 2591 617 46·

250 657 425 731 dabit,
470 676 535 716 ut
575 659 643 713 iis
670 657 847 733 jac-tis
885 646 1233 728 moribusque
1251 645 1500 724 studeat,
1539 661 1642 725 per
1669 666 1804 727 quae
1837 647 1940 726 esta
1973 665 2086 706 tam
2109 642 2242 728 pul..

253 740 383 802 chra
430 757 591 819 atque
637 731 1019 815 desiderabilia
1066 748 1227 810 quam
1274 724 1562 805 certiffime
1609 746 1665 787 et
1703 745 2093 811 comparantur
2108 765 2126 802 ,
2189 746 2250 788 et

250 825 563 882 retinentur
578 819 607 878 ἓ

370 927 510 994 Vn.
574 923 771 1004 Neque
808 919 933 992 haec
964 935 999 979 a
1030 937 1113 978 me
1134 911 1278 1000 fingi
1295 955 1315 992 ,
1364 911 1538 996 fidem
1585 913 1739 977 vobis
1790 921 2094 998 praeterita
2139 935 2250 978 non
2307 929 2568 989 pumma

252 1003 423 1070 minus
446 1050 465 1082 ‚
509 1025 668 1087 quam
703 999 1006 1084 praefi-ntia
1025 1043 1044 1076 ,
1080 999 1325 1083 facient.
1414 995 1586 1057 Nihil
1632 997 1886 1078 loquutus
1911 1000 2061 1080 sum,
2105 1000 2250 1082 quod
2273 1004 2346 1059 ad
2358 1006 2629 1076 experien-

251 1110 357 1152 non
392 1109 527 1172 prae
564 1107 644 1144 me
680 1083 905 1144 tulerim
939 1099 1235 1164 perpetuo:
1301 1099 1357 1140 et
1380 1117 1399 1154 ‚
1442 1076 1505 1157 si
1537 1083 1781 1162 potentia
1828 1082 2077 1162 mutaffet
2122 1085 2246 1140 ani-
2279 1075 2437 1132 ‘³³⁸⁸-

250 1192 395 1236 mum
418 1213 437 1245 ‚
486 1189 627 1230 nunc
664 1169 895 1225 maxime
938 1185 1045 1225 tem
1084 1183 1149 1224 us
1184 1183 1309 1224 erat
1343 1161 1708 1222 declarandae
1746 1161 2068 1235 voluntatis,
2109 1161 2256 1244 post.

336 1243 410 1312 'm
426 1295 445 1328 ‚
486 1249 682 1310 deletis
718 1265 827 1306 non
860 1250 1021 1328 parti
1056 1265 1121 1304 us
1151 1245 1345 1320 modo,
1379 1241 1485 1326 sed
1516 1247 1684 1304 etiam
1715 1243 1968 1323 reliquiis
1991 1248 2254 1324 partium,
2309 1276 2321 1289 -

236 1273 421 1420 ffles
459 1330 846 1408 incolumisque
886 1348 943 1387 et
978 1329 1241 1388 victoriae
1274 1341 1483 1406 compos
1516 1328 1684 1387 redii.
1755 1325 1866 1387 Sed
1893 1326 2050 1406 prius
2085 1327 2262 1385 omnia

246 1421 308 1476 in
342 1435 425 1474 me
468 1415 667 1497 gravia
708 1429 869 1490 atque
906 1409 1095 1470 acerba
1132 1427 1394 1490 expetant
1414 1445 1431 1480 ‚
1499 1427 1660 1490 qnam
1702 1405 1841 1469 bunc
1877 1407 2100 1466 induam
2139 1411 2266 1466 ani-

243 1515 412 1569 mum,
461 1514 527 1555 ut
558 1511 828 1569 tyrannus
857 1495 1077 1572 patriae
1113 1511 1167 1550 et
1206 1495 1429 1565 civium,
1479 1509 1640 1572 quam
1681 1506 1866 1550 rector
1903 1505 2066 1571 atque
2097 1491 2263 1570 prin-

248 1594 367 1658 ceps
386 1619 403 1650 ‚
453 1577 649 1637 audire
685 1571 889 1640 malim,
979 1571 1315 1656 Consulatus
1354 1595 1411 1634 et
1452 1575 1800 1645 dictaturas,
1844 1587 1980 1652 quas
2013 1569 2260 1650 dedistis,

244 1659 323 1719 ad
350 1657 589 1741 firlutem
624 1655 893 1717 hominum
918 1693 937 1729 ,
993 1675 1103 1716 non
1128 1655 1203 1715 ad
1232 1659 1524 1738 perniciem
1541 1689 1562 1728 ‚
1605 1653 1791 1716 valere
1817 1651 1961 1714 volo.

373 1789 548 1858 vm.
598 1787 786 1872 Hujus
815 1787 1197 1867 destinationis
1217 1789 1488 1870 spondere
1509 1783 1680 1867 fidem
1703 1797 1970 1868 perpetua
1995 1805 2110 1848 mea
2131 1805 2262 1848 con-

240 1869 483 1955 suetudo
524 1869 702 1932 debet.
787 1869 913 1955 Q?
962 1875 1105 1931 enim
1152 1871 1376 1933 credere
1415 1871 1714 1952 poteritis,
1773 1868 2079 1948 periculum
2113 1889 2146 1929 a
2179 1889 2262 1928 me

250 1957 498 2032 cuiquam
536 1957 811 2014 innocenti
836 1953 971 2034 fore
988 1991 1009 2027 ‚
1058 1972 1215 2032 quem
1258 1955 1415 2013 scitis
1454 1955 1668 2013 veniam
1708 1949 1840 2010 dedi
1880 1973 1908 2009 e
1930 1949 2148 2034 J'emper
2165 1985 2184 2024 ‚
2227 1967 2264 2008 a

253 2033 450 2116 quibus
482 2029 811 2116 inftsttfflme
822 2035 1051 2116 fueram
1080 2051 1423 2119 oppugnatus
1430 2055 1455 2105 ,·
1495 2031 1777 2094 nonnullis
1799 2053 1852 2091 et
1873 2033 2120 2094 iterato?
2159 2049 2262 2092 aut

252 2115 515 2198 quomodo
544 2113 849 2197 indulgebit
864 2113 1257 2198 suspicionibus
1276 2153 1295 2190 ,
1340 2116 1437 2196 qui
1466 2132 1718 2197 repertas
1743 2113 1891 2194 apud
1915 2115 2256 2196 Pompejum‚
2317 2131 2594 2187 [struma

254 2197 403 2278 apud
431 2197 729 2278 Scipionem
756 2196 952 2258 literas
980 2197 1337 2281 introspicere
1370 2197 1553 2258 noluit
1569 2235 1588 2272 ,
1631 2217 1688 2259 et
1713 2201 1775 2258 iu
1803 2201 1980 2277 ignem
2008 2196 2256 2273 conjecit,
2285 2203 2358 2256 ad
2393 2204 2605 2255 benno-

252 2298 355 2352 ut,
414 2299 548 2361 quos
579 2297 612 2336 a
639 2295 813 2359 poena
836 2279 963 2360 jam
1004 2277 1313 2359 absolverat
1338 2316 1357 2354 ,
1416 2282 1582 2340 etiam
1615 2299 1649 2340 a
1683 2297 1830 2338 metu
1867 2281 2016 2340 omni
2055 2277 2259 2341 libera·
2287 2273 2503 2324 “ssiam
2518 2287 2630 2326 m*-

252 2359 395 2420 ret?
463 2361 653 2442 Igitur
670 2399 689 2434 ‚
746 2361 921 2443 posita
948 2357 1122 2444 semel
1152 2361 1321 2437 cnra',
1388 2381 1445 2422 et
1487 2365 1920 2444 praeteritorum
1965 2357 2262 2421 obliterata
2285 2351 2458 2396 “¹⁸⁸⁰

251 2447 510 2502 memoria
529 2479 559 2516 ,.
594 2461 867 2524 tamquam
908 2465 1094 2504 recens
1126 2448 1186 2506 in
1219 2441 1462 2525 ejusdem
1490 2443 1816 2526 reipublicae
1828 2443 2141 2525 ficietatem
2165 2464 2261 2504 ve-

253 2519 509 2604 rtiffimus
527 2562 570 2596 ‚‚
612 2521 893 2586 benevolos
932 2529 1235 2608 amicosque
1278 2525 1601 2608 adferamus
1644 2531 1892 2600 animos,
1957 2544 2024 2586 ut
2069 2542 2126 2584 et
2165 2544 2262 2586 vos

255 2623 501 2666 meorum
547 2601 795 2666 laborum
823 2606 1086 2690 fructum
1126 2612 1444 2691 percipiatis
1460 2645 1480 2683 9
1537 2623 1824 2691 paternam
1865 2605 2028 2668 rebus
2067 2603 2264 2683 vestris

254 2685 567 2747 adhibituri
599 2705 795 2768 curant
804 2729 822 2762 ,
882 2707 938 2748 et
990 2710 1088 2772 ego
1139 2689 1321 2768 vestra
1362 2689 1732 2772 prosperitate
1747 2727 1766 2766 ,
1827 2707 2100 2772 tamquam
2134 2687 2263 2750 boni

252 2783 514 2848 parentes
556 2765 861 2862 liberorum·
885 2765 1143 2852 J‘ecundis
1186 2767 1349 2833 rebus
1370 2809 1391 2847 ,
1433 2771 1724 2856 gaudeam.

379 2899 497 2966 lx.
540 2901 679 2962 Sane
712 2897 853 2959 nibil
890 2917 1007 2958 tam
1044 2903 1107 2961 in
1146 2905 1291 2962 votis
1326 2901 1511 2979 habeo,
1559 2919 1722 2987 quam
1759 2901 1848 2964 nti
1881 2921 2060 2965 omme
2093 2921 2128 2962 a
2159 2901 2260 2964 de-

253 2981 407 3044 lictis
440 2981 793 3064 temperando
823 2979 1107 3041 lenitatem
1138 3003 1307 3044 meam
1324 2981 1437 3068 fibi
1465 2989 1746 3068 propriam
1765 3004 1928 3067 atque
1941 3003 2262 3067 perpetuam

252 3061 361 3144 effi.-
388 3065 725 3146 patianturt
768 3061 831 3143 fi
864 3079 1045 3124 tamen
1088 3063 1307 3148 aliquid
1331 3065 1494 3150 forte
1529 3084 1802 3150 peccatum
1836 3069 1980 3142 erit,
2025 3067 2262 3127 homines

250 3167 361 3221 nos-
394 3145 500 3229 effe
534 3149 843 3207 meminero.
946 3145 1031 3206 Et
1068 3149 1275 3210 virtuti
1316 3149 1534 3231 quidem
1569 3167 1816 3230 recteque
1840 3151 2020 3232 sactis
2043 3146 2160 3229 sem
2199 3165 2260 3206 er

248 3245 421 3291 erum
460 3225 611 3309 apud
642 3245 725 3287 me
794 3245 955 3287 arata
990 3235 1267 3310 praemia:
1310 3249 1563 3292 errantes
1582 3273 1600 3309 ‚
1644 3251 1804 3312 quam
1847 3231 2114 3313 manfiaeti
2151 3241 2259 3289 rme

251 3315 466 3390 poterit
486 3350 507 3385 ,
568 3309 643 3370 ed
686 3329 717 3369 o
774 3311 919 3370 ‘cium
958 3309 1381 3374 revocabuntur.
1482 3315 1678 3396 Neque
1735 3315 1938 3374 milites
1987 3332 2130 3372 meos
2178 3315 2256 3370 ti·
2316 3301 2390 3358 Et
2407 3302 2612 3388 *jum

254 3396 536 3453 mneritis.
614 3393 905 3451 communis
952 3391 1086 3452 mibi
1135 3411 1300 3474 atque
1344 3392 1498 3454 vobis
1543 3395 1764 3472 imperii
1787 3393 2048 3473 ‘custodes
2073 3391 2214 3475 fient
2233 3431 2252 3467 ‚
2280 3391 2404 3426 ”¹⁰⁸
2421 3375 2606 3430 ‘'m'‘

254 3467 549 3556 alendique
588 3470 789 3534 multas
832 3471 897 3533 ob
936 3469 1139 3555 caufflu
1182 3469 1490 3556 necffzrio.
1561 3471 1670 3558 sid
1707 3495 1874 3558 neque
1915 3493 2108 3538 contra
2159 3495 2256 3536 vos
2277 3455 2450 3518 '‘u“-

261 3549 491 3612 alentur
507 3593 527 3628 ‚
588 3574 644 3616 et
670 3557 910 3617 contenti
938 3555 1023 3616 his
1039 3595 1058 3630 ‚
1120 3575 1258 3639 qnae
1298 3557 1570 3618 dederitis
1583 3599 1601 3634 ,
1657 3573 1840 3619 amare
1879 3559 2090 3620 discent
2127 3577 2214 3618 eos
2231 3599 2250 3632 ‚

261 3649 297 3690 a
315 3635 537 3773 suibus
587 3642 867 3719 accipient.
951 3638 1092 3700 Sane
1130 3644 1384 3721 pecuniae
1420 3641 1549 3720 plus
1572 3639 1742 3724 solito
1776 3663 1876 3701 exe
1909 3639 2005 3722 iffi
2028 3639 2220 3724 fateor
2234 3661 2254 3701 .·

246 3711 313 3796 fi
398 3714 527 3790 boc,
588 3737 745 3798 quam
780 3715 1063 3802 seditiosos
1103 3719 1300 3782 habere
1336 3723 1537 3802 milites
1557 3764 1596 3801 ,.
1639 3663 1978 3806 praestabam
2048 3741 2102 3781 et
2143 3719 2255 3782 levi

254 3797 513 3892 pro-(ecto
542 3795 776 3882 impensa
807 3801 1142 3884 redemptum
1173 3802 1268 3881 est,
1310 3806 1582 3887 quidquid
1609 3825 1828 3888 peccare
1863 3805 2054 3888 conscii
2079 3807 2253 3866 victo-

262 3895 395 3938 riae
415 3883 691 3943 exercitus
705 3919 724 3955 ‚
767 3885 945 3963 inopia
986 3903 1042 3946 et
1078 3881 1379 3964 neceffitate
1408 3891 1664 3972 irritati,
1707 3885 2022 3972 potuiffint.

386 3998 471 4066 X.
522 4001 676 4066 Mihi
706 4004 847 4066 nihil
889 4023 951 4065 ea
980 4006 1268 4092 diligentia
1298 4007 1592 4092 quaesitum
1625 4009 1700 4088 est
1717 4030 1739 4070 .·
1786 4017 1930 4172 juin
1963 4027 2119 4074 omne
2145 3981 2165 3988 ²
2189 4029 2252 4068 a·
2297 3963 2527 4090 Isimque
2538 4037 2630 4073 n·-

264 4083 585 4148 m'monium
621 4085 855 4170 effiefitm
886 4105 995 4171 pro
1032 4089 1303 4172 republica
1322 4129 1343 4164 ‚
1398 4111 1456 4154 et
1483 4093 1700 4176 grande
1733 4095 1793 4152 in
1820 4111 1954 4175 uper
1993 4114 2080 4154 aes
2172 4097 2249 4151 ic·
2279 4107 2378 4144 vas
2393 4091 2628 4146 unctio-

266 4175 395 4225 num
439 4189 798 4234 coimactum.
886 4171 998 4235 Sed
1010 4207 1033 4247 ‚
1094 4173 1540 4252 quemamodum
1583 4170 1691 4258 ipfi
1733 4171 1944 4255 liquido
1987 4177 2214 4238 cernitis
2229 4209 2248 4245 ,
2279 4177 2393 4216 'm-

1673 4257 1824 4334 Nn
