2892 4684
668 287 755 366 4⁰
844 281 1249 354 mmnsn.
1273 275 1854 352 surrmmm·
1862 279 2112 350 onum
2131 283 2281 416 ξω.
2310 281 2614 370 mm„

350 491 634 567 'ste-703.
790 493 993 559 xxn.
1034 495 1183 561 Hoc
1222 514 1431 582 opere
1465 515 1680 582 prope
1711 495 2038 570 confecto,
2082 494 2396 559 Afranius
2429 509 2497 562 et
2511 497 2681 561 Pe-

348 574 419 626 Α·
452 569 519 624 0·
544 575 879 659 4907trejus
900 623 917 652 ‚
960 579 1303 653 timentes,
1348 597 1433 640 ne
1515 575 1848 640 raevalido
1877 578 2177 640 Caesaris
2215 580 2509 661 equitatu
2541 599 2684 664 pe-

310 639 491 706 H⁰st“
506 639 651 692 ⁰⁶¹⁰·
674 661 849 723 nitus
910 660 1237 750 frumento
1276 601 1664 746 ‘pabufoque
1715 657 2351 734 intercluderentur,
2416 662 2688 727 bellum

297 724 483 832 ἕξεί·
530 723 629 780 μ’
675 742 755 805 ad
788 743 1043 804 Iberum
1084 739 1353 806 fluvium
1396 743 1464 802 in
1503 737 1924 803 Celtiberiam
1962 742 2328 804 transferre
2362 739 2681 807 statuunt.

251 855 254 859 ·
672 825 883 909 Igitur
912 823 995 885 ad
1020 825 1453 908 Octogesam‚
1565 821 1699 884 uod
1744 819 1825 883 ad
1861 820 2119 883 Iberum
2171 821 2260 887 est
2309 845 2392 908 op
2441 824 2637 886 idum
2662 869 2684 900 ,

672 919 941 996 pontem
978 902 1128 967 {ieri
1160 905 1249 966 im
1298 918 1511 968 erantz
1585 903 2062 988 egionibusque
2097 904 2344 967 duabus
2427 908 2692 970 icorim

670 987 1107 1060 transductis,
1166 1005 1239 1049 ca
1292 1008 1361 1047 ra
1400 986 1722 1048 muniunt.
1805 985 1987 1047 Haec
2036 985 2149 1049 ubi
2201 1001 2350 1050 sunt
2399 990 2690 1055 Caesari

673 1087 799 1156 per
838 1070 1287 1154 exploratores
1310 1069 1582 1150 ⁴cognitu
1602 1085 1642 1142 ,⁸
1665 1078 1896 1129 noctes
1934 1066 2209 1154 diesque
2247 1069 2470 1134 labore
2507 1091 2692 1132 con-

577 1201 585 1208 .
676 1152 927 1218 tinuato
966 1169 1046 1214 eo
1082 1169 1225 1212 rem
1258 1149 1561 1224 deducit,
1603 1163 1676 1212 nt
1711 1148 1835 1230 jam
1858 1191 1876 1224 ,
1937 1149 2095 1212 licet
2130 1171 2325 1236 aegre
2348 1196 2366 1228 ,
2409 1153 2692 1240 poss'ent

675 1243 891 1296 tamen
942 1255 977 1295 a
1052 1250 1135 1295 ue
1188 1229 1506 1294 auderent
1563 1231 1819 1315 equites
1872 1229 2013 1310 ejus
2061 1230 2302 1296 flumen
2355 1235 2687 1300 transire.

676 1313 886 1398 Igitur
921 1313 1007 1377 bo
1060 1333 1133 1376 es
1154 1357 1174 1387 ‚
1215 1311 1642 1379 festinandum
1678 1314 1837 1386 rati,
1882 1314 2218 1398 praesidio
2254 1316 2512 1379 Ilerdae
2551 1317 2687 1377 im..

676 1397 899 1481 posito
919 1421 960 1470 ,·
981 1397 1279 1459 omnibus
1318 1395 1536 1478 copiis
1569 1395 1850 1458 Sicorim
1887 1407 2264 1473 transeunt,
2313 1411 2381 1462 et
2413 1419 2490 1462 se
2523 1417 2686 1463 eum

680 1478 1043 1565 praemiss'is
1076 1478 1452 1564 legionibus
1487 1476 1918 1560 conjungunt.

342 1628 549 1684 caesar
572 1621 662 1680 tn.
802 1602 1033 1665 xxm.
1080 1604 1319 1665 Caesar
1346 1601 1647 1686 legiones
1677 1600 2030 1665 immittere
2057 1623 2187 1666 non
2220 1613 2507 1688 poterat,
2545 1629 2692 1670 am.

302 1699 571 1768 sequitu.
682 1704 768 1748 ne
815 1685 1252 1768 interposito=
1320 1697 1421 1757 et,
1482 1682 1540 1744 si
1577 1703 1704 1766 per
1742 1697 2010 1782 pontem
2050 1684 2358 1759 duceret,
2417 1688 2696 1758 interea

682 1763 897 1830 hostes
940 1765 1335 1838 evadebant,
1394 1785 1528 1826 non
1570 1766 1846 1850 amplius
1885 1767 2120 1850 viginti
2154 1767 2441 1854 passuum
2474 1771 2692 1834 mini-

682 1847 808 1910 bus
846 1845 1157 1923 distante,
1246 1865 1391 1908 uam
1479 1849 1776 1921 etebant,
1821 1845 2184 1930 Octogesa,
2234 1867 2399 1933 quae
2431 1851 2694 1916 confici

566 1933 571 1941 “
686 1927 767 1992 ab
806 1930 1100 1991 exercitu
1140 1948 1221 1991 eo
1272 1947 1373 1990 em
1406 1869 1516 1990 «fle
1554 1941 1878 2014 poterant.
1963 1930 2203 2013 Igitur,
2250 1931 2423 2015 quod
2463 1935 2692 1997 solum

684 2023 829 2082 erat
858 2011 1220 2094 reliquum,
1268 2009 1526 2096 equites
1562 2011 1881 2087 transire,
1927 2025 1997 2074 et
2031 2011 2275 2074 morari
2311 2031 2551 2095 agmen
2585 2015 2696 2094 jn..

684 2093 824 2157 bet.
922 2093 1051 2166 Hi,
1108 2092 1472 2155 transmiss'o
1521 2089 1832 2167 flumine,
1893 2093 2304 2156 commodum
2357 2114 2696 2180 superve-

688 2176 911 2249 niunt,
957 2183 1029 2236 ut
1061 2185 1259 2238 noctu
1296 2173 1710 2236 moventibus
1747 2175 2089 2237 tumultum
2126 2175 2426 2238 facerent
2449 2219 2468 2250 ,
2522 2179 2698 2241 iter..

620 2256 631 2274 “
689 2277 821 2342 que
868 2255 1323 2341 prohiberent.
1405 2257 1500 2317 Ea
1535 2273 1645 2316 res
1681 2255 2004 2340 spectari,
2061 2255 2210 2320 luce
2251 2257 2517 2321 reddita
2538 2301 2558 2333 ,
2607 2278 2698 2324 cx

690 2339 1007 2411 collibus,
1053 2339 1167 2424 qui
1201 2336 1530 2422 conjuncti
1560 2337 1856 2400 Caesaris
1888 2336 2111 2400 castris
2140 2353 2344 2414 erant,
2395 2353 2693 2424 poterat.

690 2421 977 2484 Accensi
1026 2439 1188 2505 ergo
1237 2420 1482 2484 milites
1529 2433 1699 2481 tanta
1747 2420 2104 2483 occasione
2132 2421 2501 2498 victoriae,
2565 2443 2697 2509 per

690 2503 993 2566 tribunos
1042 2515 1109 2564 et
1159 2501 1580 2566 centuriones
1623 2503 1970 2564 Caesarem
2015 2513 2240 2579 orant,
2299 2521 2368 2564 ut
2411 2507 2483 2588 J«
2530 2525 2698 2567 trans

590 2617 609 2662 ς
681 2581 898 2665 flumen
932 2585 1157 2645 duceret
1169 2609 1191 2659 ;
1233 2605 1341 2667 qua
1374 2589 1652 2666 equitatus
1689 2583 1972 2663 transt‘ffet
1987 2623 2006 2658 ,
2050 2605 2111 2642 ea
2135 2584 2200 2667 se
2232 2605 2448 2666 quoque
2481 2589 2696 2647 audere

694 2670 1092 2732 summittere.
1182 2668 1422 2731 Caesar
1442 2707 1464 2738 ,
1541 2665 1668 2727 etsi
1722 2663 1991 2727 timebat
2049 2666 2415 2728 exercitum
2474 2682 2703 2731 tantae

694 2743 1156 2832 magnitudinis
1208 2762 1276 2812 et
1322 2745 1692 2832 rupiditatis
1737 2744 1989 2808 flumini
2037 2747 2330 2829 objicere
2350 2791 2373 2820 ,
2433 2759 2697 2824 tamen,

695 2829 1027 2896 alacritate
1064 2851 1329 2894 suorum
1370 2842 1438 2892 et
1476 2847 1594 2913 spe
1634 2829 1803 2893 bene
1841 2827 2167 2912 gerendae
2205 2831 2307 2893 rei
2339 2831 2700 2906 excitatus,

694 2932 995 2996 magnum
1032 2911 1468 2992 jumentorum
1503 2931 1842 2974 nnmerum
1879 2909 2052 2972 infra
2089 2932 2426 2996 supraque
2457 2911 2702 2976 consti-

690 2997 856 3059 tnit:
896 2993 1117 3055 medio
1155 2993 1367 3079 spatio
1396 2992 1682 3056 transire
1717 2991 1960 3054 milites
1991 2992 2196 3073 jubet.
2278 2995 2443 3055 Erat
2479 2993 2702 3058 adhuc

692 3095 771 3140 ea
807 3073 1091 3138 fluminis
1129 3075 1436 3150 altitudo,
1483 3087 1556 3136 ut
1588 3073 2034 3137 tantummodo
2075 3073 2368 3137 humeris
2409 3090 2482 3138 et
2517 3097 2700 3138 snm-

690 3177 803 3221 mo
840 3171 1115 3241 pectore
1154 3155 1495 3221 exstarent.
1555 3155 1918 3219 transducti
1963 3167 2174 3218 tamen
2227 3170 2380 3220 sunt
2432 3157 2701 3219 incolu-

688 3259 869 3314 mes,
930 3261 1127 3324 quum
1166 3257 1447 3324 paucos,
1553 3238 1622 3300 ui
1657 3237 1945 3300 fluminis
1985 3237 2054 3300 vi
2089 3237 2350 3322 abrepti
2388 3240 2700 3314 fuerant,

694 3321 1020 3407 equitatus
1070 3321 1441 3407 excepiss'et.
1592 3335 1822 3382 trenue
1871 3318 2110 3382 deinde
2159 3334 2521 3405 pergentes
2541 3361 2558 3393 ‚
2623 3333 2700 3383 ut

697 3403 889 3466 simul
925 3421 1005 3465 co
1090 3423 1236 3477 ora,
1281 3403 1373 3464 fri
1418 3421 1540 3464 ore
1567 3422 1886 3487 ¹aquarum
1928 3401 2217 3473 adiecta,
2262 3420 2465 3464 cursu
2507 3401 2698 3462 refo-

584 3502 596 3530 ·
692 3499 961 3557 verent,
1005 3506 1039 3546 a
1118 3486 1344 3548 boram
1428 3485 1518 3546 iei
1551 3503 1784 3545 nonam
1824 3480 2166 3565 adsequuti
2202 3493 2352 3543 sunt
2381 3503 2527 3556 eos,
2569 3482 2696 3570 ¹qui

692 3566 777 3630 de
808 3566 1007 3630 tertia
1039 3567 1265 3652 vigilia
1298 3565 1660 3628 exiverant.
1743 3563 1974 3627 Hostes
1997 3603 2015 3636 ,
2062 3563 2206 3625 viso
2232 3563 2542 3626 Caesaris
2579 3583 2697 3626 ex-

692 3651 907 3723 ercitu
927 3692 945 3725 ,
1006 3650 1221 3714 locum
1273 3647 1682 3732 superiorem
1727 3655 2080 3732 ceperunt,
2137 3645 2479 3732 aciemque
2527 3645 2692 3710 stru-

694 3746 952 3795 xerunt.

388 3808 664 3906 ῙῖοΜκίῖ
823 3839 1057 3906 XXIV.
1107 3839 1346 3908 Caesar
1374 3829 1635 3901 interim
1671 3854 1824 3912 suos
1853 3833 2276 3920 requiescere
2304 3831 2522 3914 iubet:
2565 3830 2686 3894 de-

306 3909 671 4049 fgssgtmm
696 3920 854 3984 inde
910 3922 1151 3984 iterum
1202 3919 1736 4028 progredientes.
1769 3915 1980 4015 bolies
2040 3917 2432 4000 insequitur.
2535 3911 2683 3987 Illi,

692 4025 891 4089 ,quum
944 4001 1115 4064 haud
1167 4002 1440 4086 amplius
1487 4021 1774 4100 quinque
1813 4001 2016 4062 millia
2058 3999 2342 4098 paffuum
2393 3995 2693 4057 abess'ent·

696 4107 735 4150 s
770 4082 1091 4150 montosis
1138 4099 1205 4150 et
1243 4082 1523 4171 angustis
1559 4083 1762 4160 locis,
1817 4103 1986 4170 quae
2018 4103 2080 4147 si
2119 4079 2384 4146 modico
2425 4074 2686 4225 μίξεσί.

1887 4413 1910 4450 Ρ
