2892 4684
383 487 443 545 Q.
469 502 516 534 ς.
548 497 663 544 ν’..

369 559 436 611 ,ι
465 569 528 611 t·-
570 549 652 615 *³-

341 1109 504 1192 Afi'es
521 1105 674 1164 Pou-

314 1177 458 1252 205⁸*-

361 2276 521 2360 Afies
541 2279 670 2334 Cae.

315 2361 486 2400 sans.

705 275 795 345 ..a
871 261 1270 336 memmi.
1303 221 2143 322 surrnnuemonnn
2166 253 2319 316 Lm.
2334 253 2636 322 Lxxv1.

823 474 1020 536 mm.
1080 469 1168 530 At
1219 445 1513 526 incertus
1567 463 1831 526 consilii
1880 464 2124 531 Caesar
2142 503 2161 534 ‚
2225 472 2292 520 et
2337 453 2705 539 desperato

703 554 964 644 ‘melio
995 573 1076 614 ex
1103 545 1451 632 superiore
1480 544 1959 607 consuetudine
1978 540 2303 626 Pompeii,
2346 539 2705 600 Scotusam

699 635 900 702 utin
931 644 1224 694 moturus
1258 639 1418 688 erat.
1502 628 1645 688 Jam
1680 625 2203 690 detendebantur
2237 620 2655 684 tabernacula
2674 639 2701 697 3

697 736 896 802 quum
933 705 1389 794 Pompeianam
1435 708 1641 770 aciem
1690 709 1953 791 longius
2006 707 2201 769 solito
2250 719 2403 766 ante
2454 703 2701 764 vallum

695 795 1092 894 progr-elsam
1123 792 1397 852 relatum
1427 785 1535 852 est.
1580 791 1801 874 -lgitur
1829 789 2203 876 expeditum
2234 805 2489 869 agmen,
2515 784 2703 868 quod

757 899 818 938 m
857 879 920 936 in
959 873 1172 957 portis
1209 886 1384 944 erat,
1446 871 1859 946 cohortatus,
1924 882 2195 955 proruto
2240 867 2446 940 vallo,
2506 865 2702 960 quasi

693 899 964 1020 restium
1005 953 1225 1016 castris
1261 974 1414 1015 mox
1452 954 1827 1036 potituros,⁵
1857 954 2081 1015 eduxit
2116 948 2351 1022 statim,
2392 945 2699 1030 hostique

745 1039 1010 1100 recellit
1045 1037 1322 1098 obviam.
1405 1036 1607 1096 Acies
1644 1035 1973 1119 utrimque
2017 1035 2113 1095 sic
2158 1030 2451 1093 ordinata
2493 1025 2693 1092 stetit.

752 1117 976 1181 inisti-o
1004 1121 1166 1179 Pom
1217 1117 1304 1196 eii
1335 1136 1578 1187 cornu„
1624 1136 1767 1178 cum
1802 1115 2052 1179 duabus
2088 1113 2478 1197 legionibus,
2522 1132 2686 1194 quas

695 1223 820 1300 per
856 1199 1126 1263 caull'am
1213 1200 1325 1261 elli
1347 1197 1640 1260 Parthici
1676 1199 1979 1262 abductas
2013 1221 2047 1260 a
2072 1199 2353 1260 Caesare
2387 1192 2680 1264 diximus,

691 1304 840 1367 ipse
875 1303 1019 1343 cum
1050 1284 1126 1342 L.
1157 1281 1451 1342 Domitio
1485 1279 1803 1359 constitit3
1862 1279 2163 1364 Scipioni
2212 1297 2357 1339 cum
2402 1274 2683 1356 Syriacis

691 1364 1068 1449 legionibus
1117 1362 1398 1424 mediam
1445 1361 1654 1424 aciem
1706 1364 2157 1426 commiserat:
2224 1357 2528 1421 cohortes
2564 1357 2686 1416 Hi-

695 1466 976 1542 spaniae,¹
1003 1465 1163 1529 quas
1195 1463 1416 1506 secum
1442 1443 1754 1505 Afranius
1787 1445 2168 1516 deduxerat,
2208 1461 2353 1503 cum
2382 1438 2689 1501 Cilicien-

695 1551 755 1592 si
791 1529 1052 1610 legione
1089 1524 1387 1590 dextrum
1422 1544 1631 1586 cornu
1658 1526 2059 1588 obtinebant.
2104 1525 2233 1586 hoc
2264 1525 2407 1584 erat‘
2432 1521 2689 1583 exerci-

691 1624 798 1672 tus
825 1607 1210 1691 Pompeiani
1241 1607 1468 1668 robur.
1531 1609 1817 1669 tironum
1863 1608 2159 1691 legiones
2202 1607 2375 1668 iuter
2410 1603 2691 1664 mediam

693 1692 900 1752 aciem
938 1705 1004 1751 et
1038 1709 1282 1752 cornua
1311 1687 1755 1768 interjecerat.
1817 1691 2163 1772 Quaelibet
2186 1689 2361 1750 acies
2386 1686 2591 1748 denos
2623 1686 2690 1744 in

693 1773 1102 1836 latitudinem
1158 1770 1427 1833 ordines
1479 1769 1777 1835 hahebat.
1878 1772 2181 1833 Peditum
2230 1770 2335 1831 his
2386 1768 2686 1831 omnibus

691 1857 1130 1916 Romanorum
1167 1852 1591 1937 quadraginta
1622 1856 1910 1938 quinque
1940 1854 2143 1916 millia
2166 1851 2685 1915 continebantur.

688 1936 1034 2020 Equitatus
1087 1936 1232 1997 sere
1285 1938 1542 2010 omnis,
1610 1949 1678 1999 et
1732 1937 1907 2021 quod
1962 1958 2025 1998 sa
2078 1936 2445 1998 ittariorum
2493 1945 2684 2013 atquc

690 2017 1098 2080 funditorum
1120 2016 1416 2091 babebat,
1443 2018 1511 2078 in
1536 2017 1793 2081 sinistro
1818 2039 2023 2081 cornu
2064 2006 2217 2080 laud
2236 2013 2467 2100 procul
2480 2012 2682 2074 Phar-

693 2099 852 2161 salia
881 2101 1158 2162 locatum
1191 2095 1310 2160 est:
1357 2099 1588 2164 dextro
1608 2143 1624 2174 ,
1673 2101 1847 2184 quod
1879 2099 2118 2162 ssumen
2153 2099 2449 2194 Enipeus
2480 2096 2686 2178 impe-

694 2179 850 2243 ditis
880 2180 1046 2265 ripis
1078 2182 1444 2258 muniebat,
1493 2183 1783 2245 sexcenti
1820 2181 2130 2246 sufficere
2167 2194 2423 2266 equites
2450 2175 2602 2242 visi.

817 2289 1043 2349 Lxm.
1107 2289 1192 2351 At
1230 2289 1505 2362 Caesar,
1548 2289 1643 2351 uti
1688 2303 2159 2362 consueverat,
2202 2287 2530 2371 legionem
2570 2281 2687 2346 de·

695 2371 926 2432 cimam
955 2370 1026 2430 in
1060 2368 1292 2432 dextro
1325 2377 1554 2443 cornu,
1597 2391 1831 2434 nonam
1866 2386 2287 2454 octavamque
2324 2373 2393 2430 in
2428 2364 2685 2430 sinistro

695 2449 1042 2515 constituit.
1125 2453 1254 2522 Hic
1283 2454 1637 2514 Antonium
1658 2497 1675 2527 ‚
1722 2455 1817 2516 ibi
1844 2456 1923 2514 P.
1950 2453 2192 2516 Sullam
2220 2469 2450 2514 curare
2476 2449 2683 2528 jussit3

693 2535 766 2596 in
803 2533 1022 2595 medio
1063 2533 1178 2594 Cn.
1217 2535 1578 2596 Domitium
1618 2553 1762 2597 cum
1801 2534 2225 2620 quadraginta
2263 2529 2681 2595 cohortibus=

693 2616 838 2700 ipse
876 2614 944 2675 in
977 2615 1208 2677 dextro
1246 2637 1364 2678 suo
1405 2636 1611 2680 cornu
1650 2617 2064 2691 versabatur,
2130 2629 2200 2678 ut
2242 2612 2558 2697 Pompeio
2612 2631 2685 2673 se

695 2712 1084 2782 opponeret.
1168 2699 1603 2780 Legionarios
1639 2701 1707 2760 in
1746 2701 1951 2762 aciem
1993 2698 2261 2761 deduxit
2299 2695 2685 2770 universos,

692 2781 897 2841 millia
933 2779 1205 2842 circiter
1241 2780 1369 2841 duo
1409 2795 1477 2843 et
1512 2782 1771 2865 viginti,
1814 2781 1994 2842 mille
2023 2781 2301 2864 equites.
2356 2797 2481 2838 nec
2512 2776 2687 2837 enim

692 2875 1074 2943 exspectare
1125 2862 1400 2923 militum
1447 2862 1647 2924 ardor
1695 2862 2063 2948 patiebatur
2099 2862 2182 2943 Q.
2222 2856 2679 2930 Cornificium,

693 2945 805 3028 qui
861 2942 1016 3006 duas
1069 2943 1427 3007 adducebat
1483 2944 1823 3028 legiones3
1886 2961 1990 3008 aut
2030 2941 2285 3006 Fufium
2333 2942 2683 3012 Kalenum,

691 3027 805 3109 qui
857 3046 1000 3087 cum
1049 3025 1432 3088 cohortibus
1480 3028 1855 3112 quindecim
1896 3041 2050 3100 ,erat
2102 3028 2171 3088 in
2218 3025 2455 3089 Attica.
2540 3021 2685 3082 Hae

690 3107 920 3170 civiles
953 3107 1279 3193 utrimque
1316 3111 1496 3172 vires
1526 3109 1751 3173 fueret
1794 3111 2180 3172 auxiliorum
2210 3125 2518 3169 numerus
2550 3124 2683 3163 am-

687 3189 867 3272 plior
899 3191 1156 3274 utique,
1205 3189 1324 3252 sed
1355 3193 1537 3255 varie
1574 3193 1872 3254 traditus.
1957 3190 2148 3252 Haud
2178 3189 2391 3251 miuus
2420 3202 2683 3250 trecen-

687 3285 752 3334 ta
801 3273 1004 3334 millia
1055 3274 1360 3356 pugnass'e
1415 3274 1709 3358 quidam,
1773 3274 1885 3372 qui
1921 3273 2311 3356 plurimum,
2370 3267 2677 3354 quadrin-

687 3368 878 3437 genta
915 3370 1186 3437 ponunt.
1254 3356 1386 3418 Sed
1411 3359 1671 3430 Caesar,
1718 3356 2171 3418 animadverso
2193 3349 2493 3436 Pompeii
2524 3368 2679 3411 con-

689 3437 838 3496 silio
861 3478 878 3508 ,
933 3457 1016 3498 ne
1053 3435 1352 3500 dextrum
1394 3459 1577 3500 suum
1616 3457 1821 3500 cornu
1860 3436 2447 3502 circumveniretur
2470 3475 2487 3504 ,
2538 3449 2679 3492 me-

683 3530 910 3588 tuens,
957 3538 1038 3577 ex
1071 3519 1263 3580 tertia
1297 3521 1437 3583 acie
1460 3563 1477 3594 ,
1522 3521 1636 3582 ubi
1662 3521 1991 3582 Domitius
2015 3517 2318 3590 curabat,
2364 3513 2681 3577 celeriter

684 3617 802 3660 sex
847 3597 1156 3673 cohortes
1205 3598 1523 3678 detraxit,
1585 3615 1653 3664 et
1688 3621 1769 3663 ex
1807 3603 1911 3664 his
1952 3613 2237 3685 quartam
2274 3595 2571 3659 instruxit
2606 3617 2675 3656 a-

685 3681 855 3744 ciem
894 3679 974 3742 ad
1013 3691 1124 3742 res
1161 3682 1428 3744 subitas.
1513 3681 1762 3745 Ibidem
1815 3699 1881 3746 et
1919 3683 2175 3767 equites
2215 3699 2367 3742 suos
2402 3677 2675 3750 locavit,

687 3765 838 3850 quia
874 3761 1198 3824 sinistrum
1230 3782 1457 3837 cornu,
1502 3765 1844 3847 paludibus
1872 3765 2281 3850 applicatum,
2327 3762 2455 3824 hoc
2485 3779 2679 3846 prac-

753 3949 1096 4021 Cap.1.xl1.
1136 3949 1305 4004 Caes.
1344 3950 1498 4005 Plut.
1538 3950 1706 4006 Gaea.
1747 3953 1917 4008 Caes.
1950 3952 1993 4006 A
2048 3953 2211 4023 pian.
2248 3951 2465 4006 Lucan.
2504 3947 2675 4011 Caes.

684 4019 958 4074 Frontin.
989 4037 1054 4089 π,
1083 4021 1168 4084 3.,
1191 4019 1360 4076 Caes.
1397 4021 1442 4074 A
1490 4020 1649 4091 pi'an.
1690 4020 1963 4075 Frontin.
2046 4037 2216 4076 nean.
2290 4023 2435 4092 Cap.
2469 4017 2677 4072 Lxm.

685 4087 857 4142 Caes.
909 4087 1058 4143 Plut.
1101 4089 1318 4170 Antqn.
1358 4101 1418 4144 et
1443 4038 1657 4162 Pomp.
1694 4090 1952 4146 et-Caes.
2002 4093 2172 4147 Caes.
2211 4089 2476 4164 Appiam
2516 4085 2673 4144 Plut-

687 4155 856 4214 Caes.
896 4147 1062 4213 Flor.
1099 4158 1356 4229 Appmn.
1394 4159 1563 4217 Caes.
1600 4157 1879 4217 Frontin.
2670 4199 2681 4206 -
