2892 4684
640 60 648 85 l

676 273 789 341 ¹04
844 262 899 323 F
902 264 1043 327 RE!
1054 262 1248 357 NSH.
1274 262 2110 363 sveanMENTORUM
2129 264 2282 326 Lm.
2299 265 2562 338 Lxxx,

326 464 398 520 U·
436 482 487 517 0·
519 464 645 533 706·
674 492 832 533 rent.-
876 492 1043 553 neque
1078 470 1221 531 bella
1252 476 1411 554 geri,
1457 476 1620 532 etiam
1642 516 1660 547 ‚
1705 473 1848 555 quod
1886 469 2246 551 tristtffimum
2287 472 2395 551 est,
2439 472 2662 547 civilia,

326 534 395 588 A·
435 533 501 587 C·
531 539 623 602 4⁶·
673 553 925 636 necefficm
950 552 1147 635 foret,
1192 574 1359 633 neque
1394 575 1462 613 ex
1501 552 1658 617 bellis
1693 556 1936 635 deinceps
1975 574 2080 614 aut
2112 572 2340 613 cruenta
2374 556 2520 630 odia,
2561 574 2664 613 aut

326 644 544 706 Be'uum
557 670 641 721 ge.
672 636 908 697 occultae
934 634 1261 717 fiijpiciostes
1302 639 1634 695 timerentur
1651 640 1678 695 ,Ι
1719 636 1850 708 Sed,
1893 636 2110 715 quando
2139 654 2344 708 contra,
2365 638 2664 717 potentiam

222 720 225 725 ’
282 728 425 792 stunt
456 737 609 775 extu·
668 738 725 779 et
767 716 1172 795 improbitatem
1206 734 1497 797 paucorum
1533 716 1756 799 defendi
1790 716 2176 798 rempublicam
2211 722 2458 797 oportuit
2481 759 2500 791 ,
2560 737 2659 775 ar·

290 804 406 847 ⁸⁸⁸·
460 818 483 823 “
669 802 875 881 tuisque
906 798 1216 869 vindicari,
1260 796 1405 877 quod
1430 801 1698 858 amicitiae
1710 798 1949 877 jurique
1981 799 2302 881 denegatum
2319 800 2554 880 fuerat,
2600 802 2662 857 in

670 902 785 941 eam
829 876 1197 957 neceffitacem·
1230 880 1437 953 incidi,
1501 899 1566 939 ut
1603 899 1704 940 aut
1738 879 1868 939 mihi
1904 880 2203 940 cadendum
2243 900 2361 939 cum
2397 879 2662 940 libertate

653 963 847 1045 suerit
866 1004 885 1034 ,
944 976 1045 1021 aut
1080 965 1123 1021 ii
1158 958 1574 1042 prosternendi,
1634 965 1730 1043 qui
1781 980 1878 1023 nos
1922 962 2172 1043 perditos
2213 960 2519 1042 deletosque
2561 982 2660 1021 cu-

660 1043 913 1125 piebant.

794 1168 902 1227 111.
947 1164 1029 1225 Et
1058 1162 1305 1223 Fortuna
1333 1163 1550 1245 quidem
1563 1164 1798 1245 justiori
1829 1158 2036 1247 adficit¹
2061 1166 2284 1248 cauffim
2327 1166 2662 1227 ntultorum-

670 1269 774 1330 que
802 1246 1139 1329 proeliorum
1168 1265 1365 1307 eventu
1398 1245 1736 1319 declaravit,
1783 1247 2022 1307 nondum
2057 1247 2297 1330 abjeciffie
2331 1270 2515 1309 curam
2543 1250 2660 1310 Ro-

671 1350 858 1389 manae
899 1332 980 1386 rei
1010 1328 1183 1389 Deos.
1268 1330 1449 1409 Atque
1487 1328 1585 1400 hoc
1632 1331 1796 1388 etiam
1821 1326 2060 1409 subinde
2095 1330 2390 1413 apparebit
2414 1330 2616 1391 clarius
2637 1374 2656 1404 ,

640 1422 834 1492 'quum
856 1410 1017 1491 fincta
1048 1406 1397 1491 consultaque
1439 1430 1555 1469 mea
1592 1411 1709 1471 dies
1743 1414 1952 1491 aperiet
1967 1452 1985 1483 ,
2033 1418 2343 1494 magnisque
2370 1414 2662 1473 documen·-

670 1498 745 1555 tis
781 1492 957 1573 palam
987 1486 1092 1569 fiet
1108 1532 1127 1561 ‚
1172 1490 1385 1571 qualem
1421 1494 1472 1551 ei
1507 1491 1764 1552 dederint
1805 1495 2042 1552 animum
2059 1534 2078 1567 ,
2125 1498 2212 1576 cui
2251 1496 2448 1555 daturi
2484 1498 2661 1556 victo-

647 1577 809 1634 -riam
844 1572 975 1634 belli
1014 1572 1409 1653 arbitriumque
1444 1576 1596 1654 pacis
1619 1571 1883 1655 fuerant.

304 1710 643 1767 clementiam
794 1704 905 1770 1V.
976 1704 1169 1765 Nolim
1210 1707 1359 1764 enim
1390 1704 1629 1781 vestrum
1677 1726 1991 1789 quemquam
2045 1711 2126 1770 ita
2183 1705 2416 1789 maligne
2459 1705 2531 1766 de
2577 1726 2662 1766 me

204 1850 229 1864 ,
288 1784 610 1867 mmmm(
654 1789 918 1870 judicare
938 1828 955 1859 ‚
1004 1788 1202 1847 Patres
1236 1786 1562 1867 conscripti,
1613 1787 1946 1854 ut,aliorum
1977 1789 2220 1869 exempla
2239 1830 2258 1860 ,
2315 1807 2476 1869 quam
2517 1808 2661 1846 meos

670 1889 845 1933 mores
866 1910 883 1937 ‚
929 1867 1298 1949 sequuturum
1330 1886 1525 1949 putet:
1589 1890 1788 1951 neque,
1835 1866 1898 1949 si
1929 1870 2060 1931 mihi
2105 1873 2338 1933 victoria
2381 1868 2618 1928 contulit
2636 1911 2655 1943 ,

600 1990 609 2001 ·
668 1971 736 2013 ut
757 1948 971 2031 poffim,
1016 1969 1153 2029 quae
1176 1953 1409 2029 cupiam,
1439 1950 1654 2034 jacere,
1697 1951 1857 2012 aliud
1877 1951 2170 2035 facturum
2196 1951 2456 2023 credatis,
2495 1970 2658 2031 quam

662 2050 932 2115 oporteat.
1017 2032 1078 2091 Si
1112 2031 1405 2103 Marium,
1451 2052 1507 2092 et
1533 2033 1766 2094 Cinnam
1784 2074 1803 2107 ,
1849 2056 1905 2095 et
1931 2034 2178 2108 Sullam,
2220 2051 2452 2115 quorum
2485 2050 2659 2091 natu-

662 2135 784 2175 ram
819 2112 1124 2193 periculum
1164 2132 1402 2185 texerat,
1443 2113 1797 2175 nudaverunt
1828 2120 2090 2176 victoriae
2102 2139 2122 2187 ,·
2164 2135 2272 2174 non
2303 2111 2422 2172 ideo
2455 2134 2539 2173 me
2572 2112 2660 2173 his

662 2194 897 2257 similem
924 2192 1059 2276 fore
1100 2193 1540 2272 existimaveritis
1557 2238 1578 2270 ‚
1641 2196 1797 2276 cujus
1842 2197 2260 2258 moderationem
2280 2194 2314 2268 ‚¹
2359 2214 2424 2253 ne
2467 2215 2657 2254 receu-

627 2350 634 2355 -
651 2278 825 2360 sendo
846 2272 1069 2359 fingula
1100 2297 1186 2335 me
1216 2274 1447 2337 laudare
1479 2278 1705 2351 videar,
1763 2299 1870 2339 non
1913 2297 2200 2339 mutarunt
2247 2296 2330 2336 tot
2371 2273 2656 2356 prospera,

652 2358 757 2443 fied
798 2354 1194 2438 probaverunt.
1282 2358 1580 2419 Enimvero
1621 2381 1788 2440 neque
1829 2380 1957 2442 erga
1992 2360 2298 2420 Fortunam
2339 2361 2657 2419 irreveren-

664 2460 755 2502 ter
792 2460 873 2499 me
901 2458 1090 2519 geram
1107 2480 1129 2512 ,
1170 2457 1266 2499 aut
1304 2440 1732 2521 indignationem
1767 2441 2010 2503 excitabo
2039 2442 2292 2502 Deorum
2308 2482 2326 2513 ‚
2371 2460 2502 2520 quos
2521 2438 2657 2522 fer·-

666 2543 748 2583 me
800 2542 908 2581 non
958 2519 1193 2580 ulterius
1243 2518 1497 2598 beneficia
1535 2521 1642 2603 fita
1679 2520 1842 2602 sarta
1887 2541 2027 2582 tecta
2081 2521 2358 2602 praeliare
2401 2524 2654 2602 cognovi,

667 2623 828 2685 quam
866 2602 1032 2663 donec
1067 2601 1304 2661 homines
1334 2600 1417 2662 his
1451 2602 1678 2681 modeste
1708 2622 1872 2683 atque
1893 2602 2177 2685 sapienter
2207 2622 2470 2679 utuntun.

312 2725 557 2807 {unqu
568 2720 644 2773 5⁸⁶·
790 2720 874 2789 V.
922 2723 1117 2804 Neque
1155 2743 1285 2783 vero
1324 2722 1389 2785 ab
1420 2726 1580 2783 initio
1613 2722 1744 2798 belli
1775 2724 1932 2785 aliud
1961 2724 2093 2786 mihi
2111 2720 2448 2807 propofi'tum
2475 2744 2660 2782 armo·-

295 2793 554 2875 ⁶⁸,'f“'⁸“
586 2808 647 2879 ἒ·
672 2828 797 2868 rum
832 2808 1134 2887 praemium
1155 2804 1319 2885 fhit,
1365 2825 1526 2887 quam
1567 2824 1666 2878 ut,
1713 2812 1859 2868 victa
1896 2809 2108 2868 invidia
2139 2826 2304 2889 atque
2338 2800 2658 2886 insolentia,

281 2866 623 2984 *faxis*
670 2892 936 2949 virtutem
978 2886 1304 2967 explicarem
1345 2906 1514 2947 meam
1554 2906 1706 2958 tuto,
1766 2908 1822 2949 et
1867 2909 1936 2949 ex
1977 2888 2222 2973 augenda
2265 2886 2513 2947 utilitate
2551 2906 2660 2967 pu·-

291 2946 331 3045 α,
558 2964 574 2981 ’
669 2969 809 3031 blica
830 2978 833 2983 ’
841 2967 1080 3051 gloriam
1120 2968 1491 3049 adquirerem.
1554 2966 1714 3051 Qos
1745 2974 1920 3053 igitur
1953 2976 2014 3033 in
2048 2972 2172 3031 aliis
2213 2968 2534 3050 reprehendi
2566 2986 2660 3026 at-

668 3072 771 3133 que
809 3048 1161 3133 persequutus
1185 3048 1313 3131 fiam
1346 3071 1524 3110 mores
1543 3093 1560 3122 ‚
1603 3054 1712 3124 iis,
1755 3050 1923 3133 absit,
1971 3074 2036 3113 ut
2077 3075 2158 3113 me
2195 3054 2402 3130 cupiam
2434 3048 2659 3121 dedere,

656 3130 991 3215 fim‘ilgmque
1028 3130 1111 3191 his
1146 3130 1440 3209 ostendere,
1491 3152 1626 3213 quos
1645 3132 1927 3214 superavi.
2014 3138 2068 3197 E
2069 3157 2132 3211 2⁰
2167 3152 2298 3195 vero
2335 3134 2517 3211 potius
2545 3129 2662 3210 ipsa

658 3214 901 3299 fortuna
934 3234 1047 3273 mea
1074 3218 1275 3273 incitor
1292 3258 1309 3288 ‚
1356 3233 1422 3273 ut
1438 3255 1457 3286 ‚
1501 3217 1562 3273 ni
1580 3231 1600 3271 t
1634 3212 1764 3273 olim
1783 3212 1998 3297 summa
2027 3216 2158 3278 mihi
2183 3212 2442 3277 voluntas
2459 3210 2666 3293 fuisset

673 3299 853 3355 omnia
880 3298 993 3355 rite
1022 3314 1183 3377 atque
1213 3296 1409 3355 ordine
1442 3294 1864 3375 administrandi
1879 3338 1897 3371 ,
1944 3300 2033 3362 vel
2065 3301 2195 3361 inde
2227 3296 2484 3375 majorem
2500 3294 2664 3375 junt-

674 3395 877 3459 pturus
916 3380 1173 3459 impetum
1193 3376 1434 3461 fiterim.
1491 3392 1496 3397 ’
2553 3394 2560 3403 ·

322 3514 420 3568 ·Et
434 3512 654 3581 ereviffe
801 3500 914 3566 VI.
958 3499 1143 3584 Qem
1178 3502 1319 3563 enim
1350 3505 1538 3582 potius
1569 3499 1880 3583 benefacere
1913 3498 2103 3559 multis
2137 3518 2326 3559 verum
2361 3496 2454 3575 est,
2499 3516 2662 3580 quam

298 3600 415 3639 cum
447 3584 632 3653 fortu-
674 3600 837 3665 penes
870 3604 1025 3664 quem
1061 3603 1246 3659 earum
1282 3603 1468 3642 rerum
1505 3586 1740 3643 maxima
1774 3582 1847 3659 est
1863 3580 2156 3663 facultas?
2197 3583 2284 3639 cui
2319 3602 2451 3640 vero
2486 3584 2668 3638 minus

298 3667 396 3711 θ’·
678 3685 777 3725 aut
808 3661 1099 3745 concellum
1131 3662 1205 3741 est
1239 3680 1476 3743 peccare,
1518 3683 1616 3724 aut
1649 3663 1996 3743 necessarium
2014 3662 2042 3720 ?
2083 3662 2334 3723 Deorum
2371 3682 2550 3720 autem
2574 3660 2670 3719 be-

677 3743 868 3824 neficia
912 3767 945 3803 a
990 3767 1093 3827 quo
1142 3744 1413 3822 aestimari
1460 3750 1664 3806 rectius
1693 3743 1907 3826 pofficnt
1925 3787 1943 3817 ‚
2002 3764 2162 3825 quam
2195 3744 2262 3803 ab
2298 3764 2355 3803 eo
2372 3784 2388 3813 ,
2451 3744 2536 3801 cui
2572 3740 2668 3800 illi

669 3828 881 3913 stimma
917 3831 1095 3886 onmia
1136 3824 1488 3887 contulerunt
1503 3828 1532 3886 ,²
1587 3824 1739 3909 Quis
1775 3827 2034 3906 majorem
2075 3826 2383 3886 concordiae
2413 3826 2666 3903 pacisque

674 3908 925 3992 publicae
956 3928 1080 3991 aget
1112 3920 1323 3979 curam,
1366 3928 1526 3989 quam
1561 3912 1717 3988 cujus
1757 3928 1871 3968 eam
1890 3907 2118 3989 servari
2141 3910 2372 3964 maxime
2395 3903 2664 3981 interest?

681 3992 744 4052 Is
775 3995 952 4074 igitur
984 4010 1041 4053 et
1075 3993 1252 4050 astimo
1289 3989 1581 4071 imperabit
1609 3990 1946 4072 plurimum,
1994 4008 2052 4048 et
2077 3990 2319 4067 potentia
2355 4002 2666 4065 temperati*-

680 4092 771 4134 ter
815 4093 1042 4133 utetur.-
1112 4074 1264 4153 queis
1293 4068 1413 4153 fine
1455 4076 1725 4133 contineri
1763 4090 2010 4154 magnam
2045 4068 2372 4150 felicitatem
2419 4068 2518 4127 diu
2555 4087 2668 4127 non
2703 4124 2714 4133 ,

678 4150 838 4235 pff,
886 4174 1036 4215 nemo
1066 4153 1305 4220 dubitat.
1373 4152 1539 4239 Qid
1563 4150 1626 4237 fi
1650 4154 1727 4217 ad
1755 4154 1879 4217 haec
1915 4153 2133 4215 accedat
2149 4150 2398 4231 studium
2427 4148 2662 4233 gloriae,
