2892 4684
643 257 650 266 ’
690 283 790 346 m
829 227 1134 344 'noema
1173 228 1334 344 nia.
1371 275 1509 340 cx.
1553 275 1785 397 mun.
2162 281 2248 356 47

257 489 428 552 Suos
463 510 725 574 quoque
765 508 994 552 servos
1045 500 1113 558 et
1149 483 1437 571 pastores
1464 488 1547 547 L.
1576 485 1907 550 Domitius
1944 485 2013 548 in
2044 503 2246 548 naves
2304 483 2377 540 U.
2398 501 2453 540 c.

197 565 218 584 ‘
257 570 696 654 imposuerat,
744 573 800 633 si
836 570 1006 632 bene
1047 582 1115 630 et
1151 567 1448 654 gnaviter
1484 589 1557 630 se
1590 582 1935 651 gererent,
1981 567 2246 631 liberta-
2304 554 2461 612 ὅθ·
2488 561 2581 626 49·

258 665 329 714 te
403 655 673 719 romiss'a.
755 655 1002 714 Brutus
1036 647 1380 734 pauciores
1416 651 1679 735 quidem
1712 670 1911 712 naves
1946 649 2247 722 ducebat,

263 674 402 796 sed¹
407 731 756 809 firmiores,
801 733 1062 796 delecto
1097 733 1390 792 virorum
1421 733 1665 794 robore
1700 733 2011 817 repletas.
2054 734 2249 815 quip-

264 837 347 900 pe
369 817 604 879 Caesar
631 815 1014 878 tortiffimos
1043 833 1126 874 ex
1152 812 1592 894 antesignanis
1620 814 1975 900 legionum,
2008 813 2077 880 id
2104 834 2247 876 mu-

263 900 437 961 neris
489 913 882 983 poscentes,
945 895 1016 957 in
1067 893 1324 956 classem
1373 895 1791 978 imposuerat.
1875 897 2095 982 Igitur¹
2134 894 2247 968 hi,

259 981 486 1043 virtuti
521 977 970 1049 confidentes,
1029 988 1098 1038 et
1137 973 1288 1054 quia
1323 975 1659 1036 celeritate
1702 977 1960 1040 navium
2000 991 2069 1041 et
2108 989 2251 1040 arte

254 1062 766 1144 gubernatorum
820 1057 1290 1126 vincebantur,
1352 1053 1634 1116 manicas
1688 1073 1757 1120 et
1802 1078 2007 1122 uncos
2055 1079 2251 1144 prae-

252 1157 608 1226 pararunt,
651 1141 892 1227 quihus
927 1135 1202 1198 hostium
1237 1155 1438 1200 naves
1474 1136 1857 1198 retinerent.

381 1249 530 1308 XX.
571 1243 1068 1308 Massiliensium
1103 1261 1174 1303 ea
1203 1241 1374 1304 ratio
1405 1242 1567 1316 fuit,
1614 1255 1718 1316 ut,
1764 1240 1973 1304 donec
1995 1245 2249 1320 liceret,

253 1329 606 1394 maritimis
633 1326 880 1386 artibus
904 1337 1276 1400 uterentur3
1321 1324 1585 1408 quoties
1608 1323 2005 1408 deprehensi
2031 1327 2252 1398 ell'ent,
2292 1393 2299 1398 ,

257 1412 464 1476 armis
501 1421 948 1468 montanorum
979 1406 1292 1479 fiderent,
1353 1407 1469 1488 qui
1505 1426 1636 1468 non
1672 1405 1943 1466 multum
1977 1405 2256 1468 inferio·

257 1513 374 1554 res
429 1492 674 1551 virtute
717 1491 1022 1552 Romanis
1077 1503 1282 1550 erant.
1365 1489 1607 1570 Igitur,
1668 1485 1807 1572 post
1860 1507 2077 1551 acrem
2128 1509 2255 1584 pu-

261 1593 497 1656 gnam,
555 1593 748 1654 quum
807 1573 1098 1668 singulae
1150 1569 1360 1632 ferme
1401 1575 1731 1634 Romanae
1780 1592 2017 1644 naves,
2078 1571 2254 1633 binis

241 1647 599 1715 ‚hostilibus
647 1653 1032 1736 prehensis,
1094 1653 1162 1713 in
1205 1667 1554 1735 utrumque
1608 1653 1774 1714 latus
1829 1653 2252 1728 dimicarent,

264 1733 376 1798 hic
411 1755 661 1819 pugnae
701 1735 824 1797 fuit
861 1737 1108 1813 exitus,
1167 1748 1274 1806 ut,
1335 1747 1569 1818 magno
1604 1733 1987 1796 Albicorum
2034 1750 2100 1798 et
2142 1757 2255 1820 pa-

191 1828 198 1844 ·
264 1813 500 1878 storum
547 1817 764 1878 amill'o
807 1837 1111 1891 numero,
1170 1816 1663 1878 Massiliensium
1698 1837 1899 1879 naves
1939 1837 2255 1902 caperen-

263 1911 371 1960 tur
411 1911 516 1960 aut
555 1899 1082 1982 deprimerentur
1118 1919 1408 1962 novem.·
1462 1899 1740 1972 Nescio,
1785 1920 1867 1960 an
1903 1897 2023 1962 isto
2102 1920 2252 1962 roe·
2312 1913 2375 1965 C.
2408 1911 2585 1966 Acme

257 1978 376 2052 lio,
428 1981 564 2060 (bis
603 1982 773 2043 enim
809 1994 1160 2064 pugnatum
1198 1977 1652 2060 est‘class‘ibus)
1687 1979 1803 2042 illo
1835 1995 2017 2043 certe
2100 1982 2251 2058 ello,
2278 1982 2477 2035 vinus.

265 2063 682 2124 memoranda
719 2065 792 2124 C.
823 2063 1020 2123 Acilii
1057 2059 1589 2142 virtusexstitit,
1652 2063 1765 2147 qui
1820 2062 2111 2124 decimae
2154 2063 2256 2125 le·-
2353 2067 2359 2088 ¹

153 2165 160 2174 ·
262 2145 485 2287 &ionis
531 2146 758 2217 mileS,
819 2143 1085 2205 abscissa
1128 2142 1387 2218 dextra,
1452 2165 1643 2228 quam
1694 2144 1763 2205 in
1810 2145 2085 2230 puppim
2130 2143 2253 2208 ho·-

287 2225 448 2287 tium
475 2225 822 2306 injecerat,
864 2226 1048 2288 laeva
1083 2225 1358 2288 retinuit
1387 2245 1653 2287 navem:
1698 2225 1969 2301 deinde,
2016 2227 2085 2288 in
2115 2247 2257 2289 eam

264 2308 608 2376 insiliens,
660 2310 944 2370 umbone
990 2307 1286 2391 propulit
1319 2305 1574 2383 hostes,
1633 2327 1849 2391 neque
1900 2307 2254 2393 prius-pu-

266 2409 467 2474 gnare
504 2387 780 2466 destitit,
828 2411 1014 2474 quam
1059 2404 1304 2474 captam
1340 2387 1671 2476 profundo
1705 2404 2053 2476 mergeret.

380 2495 555 2557 XXI.
618 2498 742 2558 His
789 2495 872 2558 ad
913 2495 1192 2560 Ilerdam
1243 2496 1607 2569 nunciatis,
1668 2495 1781 2558 ubi
1822 2495 1947 2577 jam
1989 2512 2252 2584 pontem
2314 2502 2575 2556 Caesaris

264 2577 503 2640 Caesar
543 2578 894 2651 effecerat,
939 2579 1152 2640 omnia
1185 2594 1463 2662 repente
1498 2591 1879 2642 mutantur&
1920 2577 2135 2641 hostes
2174 2583 2643 2655 ex‘f‘ffluf‘mm'

260 2660 534 2722 maxima
569 2657 808 2724 fiducia
845 2662 912 2722 in
945 2661 1292 2726 maximum·
1319 2676 1561 2722 metum
1600 2661 1908 2734 veniunt,
1956 2661 2253 2724 Caesaris
2276 2655 2335 2692 '⁸'
2352 2643 2568 2694 ''⁸¹⁸⁸'‘
2644 2729 2655 2746 x

259 2762 374 2802 res
427 2743 724 2804 omnibus
777 2741 989 2806 modis
1043 2741 1668 2827 fiunt‘superiores.
1752 2745 1961 2827 Igitur
2008 2744 2258 2827 aliquot

261 2822 706 2904 Hispanorum
743 2824 1004 2906 populi,
1053 2827 1167 2908 qui
1195 2823 1731 2908 Pompeianarum
1770 2825 2051 2908 partium
2086 2843 2255 2886 sem-

261 2923 391 2985 per
419 2901 699 2979 fuerant,
718 2975 722 2985 ι
743 2903 824 2964 ad
851 2905 1188 2967 Caesarem
1219 2906 1641 2969 defecerunt:
1683 2907 2015 2970 Oscenses
2054 2921 2121 2969 et
2148 2905 2256 2968 his

261 2985 622 3046 contributi
654 2987 1149 3070 Calagurritani,
1187 2991 1739 3062 Tarraconenses,
1774 2990 2087 3062 Jacetani,
2120 2991 2257 3050 Au·

265 3066 512 3139 setani,
577 3068 1146 3151 Illurgavonenses
1169 3113 1189 3143 ,
1261 3072 1547 3155 quinque
1607 3090 1872 3154 magnae
1927 3072 2253 3133 civi-tates.

263 3147 368 3210 Ab
420 3147 524 3210 his
577 3149 909 3211 frumento
962 3151 1217 3230 adjutus
1256 3157 1497 3216 Caesar
1546 3152 1969 3215 difficultates
2024 3171 2253 3214 omnes

261 3229 536 3370 pulchre
590 3231 904 3312 explicat:
975 3233 1208 3316 quibus
1267 3235 1469 3296 rebus
1525 3236 1807 3318 permoti
1856 3235 1965 3295 alii
2022 3231 2253 3319 populi

291 3313 524 3394 ongius
569 3313 944 3383 colentium,
991 3327 1057 3372 et
1091 3315 1240 3394 quia
1274 3315 1511 3374 falsum
1550 3315 1741 3376 suiffe
1781 3325 2255 3398 rumorem'ap-

263 3394 572 3476 parebat,
629 3391 1014 3476 Pompeium
1057 3413 1200 3455 cum
1241 3395 1615 3476 legionibus
1658 3415 1779 3476 per
1806 3397 2255 3460 Mauritaniam

263 3477 533 3548 venire,
579 3473 660 3535 ad
691 3475 987 3538 Caesaris
1028 3475 1370 3537 amicitiam
1410 3497 1483 3538 se
1516 3477 2003 3541 transtulerunt.
2085 3483 2256 3540 Per-

263 3559 518 3620 territis
551 3543 704 3622 hinc
741 3557 1138 3620 adversariis
1173 3572 1246 3619 ut
1279 3557 1495 3621 acrius
1528 3557 1791 3622 instaret
1811 3561 2070 3634 Caesar,
2112 3561 2258 3622 fos-

265 3659 370 3700 sas
398 3639 635 3722 pedum
663 3641 933 3723 triginta·
959 3641 1204 3704 ducere
1229 3638 1535 3714 instituit,
1582 3641 1819 3728 quibus
1852 3649 2003 3724 pars
2042 3643 2257 3725 aliqua

263 3720 552 3783 fluminis
593 3735 1043 3796 avertet-etun
1101 3745 1229 3807 quo
1261 3724 1424 3785 vado
1454 3725 1719 3787 transiri
1748 3725 1991 3807 poss'et,
2035 3740 2257 3805 neque

265 3802 468 3888 longo
504 3803 846 3866 circumitu
883 3827 1004 3888 per
1039 3821 1303 3891 pontem
1335 3798 1837 3870 transmittendi
1860 3805 2117 3891 equites
2147 3803 2251 3864 fo-

270 3901 443 3948 rent·

341 4039 488 4110 Cap.
516 4038 638 4091 XX.
691 4031 854 4102 Infra
874 4071 904 4100 ,-
929 4051 982 4089 c.
1009 4035 1098 4091 38.
1149 4038 1368 4091 Lucan.
1413 4039 1660 4094 Sueton.
1702 4033 1869 4090 Caes,
1910 4031 2077 4087 c.68.
2112 4025 2249 4112 Vel.

261 4109 421 4164 Max.
451 4108 520 4170 3,
556 4124 608 4162 α.
655 4103 810 4159 Plnt.
849 4105 1020 4158 Caes.
1105 4107 1250 4178 fiap.
1285 4107 1436 4162 XXI.
1477 4105 1615 4160 Dio.
1649 4105 1871 4160 Lucan.
1896 4105 1953 4171 4.
1991 4101 2263 4172 Appium·

262 4175 430 4237 Flor.
455 4173 622 4236 Plut.
661 4173 831 4230 Caes.
871 4175 1043 4229 Oros·
1081 4171 1208 4230 Liv.
1243 4175 1400 4248 Epit.
1439 4175 1611 4232 Caes.
