2892 4684
683 263 773 324 IN
815 255 1119 323 Loctm
1158 259 1324 321 Lm.
1361 257 1527 324 CXI.
1573 247 1808 326 mvn.
2152 254 2235 320 83

242 427 333 540 do
376 473 605 557 copias
650 470 744 532 illi
783 451 1156 555 praestitit,
1202 465 1320 532 sed
1368 469 1545 532 ultro
1594 469 1785 535 ceffit
1826 442 2231 533 'adversariis
2296 465 2367 522 U·
2402 483 2457 521 0·
2480 429 2609 534 &042

244 559 318 622 in
359 574 556 640 grave
599 552 1078 616 detrimentum.
1448 599 1463 615 ,

2291 537 2369 591 Δ.
2391 539 2459 589 C.
2485 537 2574 602 ηδ.

217 738 223 744 .
371 661 626 756 lix-Vn·
671 657 937 756 Quippe
967 655 1116 718 dum
1137 652 1611 754 Dyrrhachium
1640 655 2234 744 praetervehuntur
2294 655 2505 736 Rha-tta
2660 727 2665 732 Ι

253 744 546 808 Caesaris
577 763 772 804 naves
792 784 808 814 ,
855 739 935 834 Q.
961 740 1294 821 Coponius
1313 779 1332 808 ‚
1379 759 1491 834 qut
1516 739 1813 805 Rhodiae
1842 743 2019 806 class'i
2044 763 2235 830 prae..
2261 730 2456 782 cmm
2476 735 2603 774 um.

249 839 422 896 erat,
468 836 856 908 conspectas
894 841 1039 882 cum
1075 815 1364 880 rostratis
1395 823 1631 904 viginti
1667 825 2060 909 sequebatur
2082 868 2101 899 ‚
2147 839 2236 899 et,

251 905 610 978 remiss'iore
653 907 779 984 jam
827 915 1058 973 vento,
1115 902 1590 982 propemodum
1642 906 1973 988 attigerat,
2033 907 2237 968 haud-

249 1009 562 1073 quaquam
620 1005 830 1067 aequo
892 980 1252 1044 certamine
1309 979 1528 1064 longis
1580 986 1851 1049 navibus
1903 989 2240 1051 onerarias

245 1083 798 1156 oppugnaturus3·
818 1085 1014 1148 quum
1047 1060 1264 1122 subito
1292 1059 1550 1122 intendi
1577 1077 1806 1126 ventus
1830 1088 1948 1130 coe
1995 1072 2068 1144 it,
2114 1074 2232 1134 Ju..

239 1151 588 1233 lianosque
621 1148 822 1232 longe
855 1145 932 1206 ab
963 1139 1249 1204 hostibus
1275 1141 1619 1204 divellere.
1680 1145 1895 1229 Atque
1926 1093 2021 1211 iffi
2042 1159 2230 1233 Nym..

287 1234 522 1296 haeum
550 1238 934 1298 tenuerunt,
977 1221 1148 1288 haud
1177 1225 1411 1307 procul
1436 1225 1809 1308 Apollonia,
1856 1249 2231 1312 quamquam

237 1256 416 1376 haud
453 1312 610 1373 satis
646 1322 884 1381 tutum,
939 1304 1170 1368 Austro
1218 1303 1446 1374 flante.
1506 1321 1805 1391 portum:
1866 1327 2079 1392 neque
2111 1313 2235 1373 mi..

239 1395 428 1456 noris
463 1391 724 1454 navium
745 1429 762 1463 ,
807 1407 994 1473 quam
1024 1389 1354 1471 legionum
1375 1429 1392 1460 ,
1439 1389 1779 1450 interitum
1806 1386 2237 1454 aestimabant.

240 1477 341 1539 lbi
379 1474 547 1534 mira
583 1470 897 1534 felicitate
935 1471 1151 1532 subito
1191 1487 1553 1532 conversus
1585 1467 1675 1532 est
1703 1486 1973 1546 ventus,
2018 1487 2089 1535 et
2114 1491 2242 1556 pro

245 1553 482 1620 Austro
523 1554 776 1638 spirare
803 1552 1070 1614 Africus
1107 1551 1368 1647 coepit,
1427 1565 1657 1614 contra
1702 1575 1896 1638 quem
1945 1554 2056 1616 illa
2102 1566 2245 1616 erat

245 1636 548 1698 tutiss'ima
579 1633 778 1698 statio.
832 1624 1206 1718 'Repentina
1231 1633 1438 1714 igitur
1469 1637 1968 1708 commutatione
1993 1657 2237 1709 renum,

249 1738 362 1813 qut·
402 1717 593 1779 modo
635 1717 702 1778 in
739 1717 1036 1800 periculo
1081 1714 1375 1791 fuerant,
1431 1717 1807 1800 spectaculo
1858 1717 2241 1801 periclitan-

247 1813 408 1872 tium
457 1798 729 1862 hostium
779 1797 1309 1882 perfruebantur.
1401 1795 1665 1890 Quippe
1710 1819 1907 1862 naves
1946 1800 2241 1862 Rhodias

244 1892 374 1941 tam
425 1896 617 1942 saeva
673 1877 1012 1962 tempestas
1071 1877 1611 1960 comprehendit,
1672 1891 1743 1942 ut
1789 1881 1857 1942 in
1906 1882 2129 1944 clauso
2174 1893 2243 1945 et

243 1960 655 2046 importuoso
691 1962 854 2022 mari
889 1958 1243 2023 constratae
1281 1961 1567 2032 illorum,
1612 1981 1885 2024 numero
1924 1963 2239 2036 sedecim,

244 2042 328 2104 ad
360 2065 547 2105 unam
582 2062 809 2106 omnes
842 2041 1266 2104 eliderentur.
1315 2043 1604 2124 remiges
1630 2056 1829 2127 atque
1865 2065 2239 2140 propugna-

241 2137 466 2196 tores,
527 2125 767 2208 quibus
811 2121 1048 2186 ssuctus
1091 2139 1566 2207 pepercerant,
1618 2127 1853 2208 partim
1900 2125 2242 2189 interiecti

249 2217 402 2267 sunt
447 2227 483 2266 a
527 2206 805 2268 ,Iulianis
834 2247 850 2278 ,
905 2204 1018 2266 alii
1061 2225 1132 2267 ca
1185 2207 1274 2277 ti,
1332 2225 1499 2290 quos
1544 2207 1783 2270 Caesar
1828 2209 2243 2293 conquisitos

179 2306 184 2316 ·
243 2285 605 2370 diligenter
645 2287 1092 2360 conservavit,
1137 2229 1527 2372 Romamque
1558 2288 1833 2351 remisit.

367 2411 910 2488 xxv111.gDuae
961 2427 1176 2474 tamen
1217 2409 1515 2474 Caesaris
1565 2431 1769 2476 naves
1820 2425 2045 2498 captae
2090 2421 2243 2474 sunt

245 2493 332 2556 ah
379 2491 700 2567 hostibus,
768 2495 1037 2556 diverso
1084 2507 1424 2556 vectorum
1469 2494 1628 2556 fato·
1714 2495 1957 2557 Contra
1998 2495 2242 2556 Liss'um

129 2645 144 2650 ,
241 2576 324 2636 ad
360 2573 672 2636 anchoras
713 2575 937 2639 ambae
970 2575 1427 2651 constiterant,
1477 2577 1742 2658 ignarae
1780 2594 2089 2661 quorsum
2130 2597 2241 2637 re-

157 2676 167 2691 ¹
241 2655 422 2740 liqna
451 2657 660 2718 classis
692 2677 952 2719 cursum
979 2658 1374 2720 intendiss'et.
1417 2653 1673 2721 Idcirco
1700 2659 2020 2723 Otacilius
2046 2661 2237 2721 Cras-

245 2759 381 2810 sus,
427 2741 540 2822 qui
569 2739 724 2800 Lim
757 2753 1086 2821 praeerat,
1135 2741 1353 2802 multis
1387 2741 1753 2803 minoribus
1785 2739 2065 2822 navigiis
2097 2739 2237 2800 cin-

244 2833 382 2881 ctas
420 2819 500 2880 ad
536 2819 936 2881 deditionem
970 2819 1384 2895 hortabatur,
1429 2813 1877 2884 incolumitate
1910 2821 2233 2904 promiss'a.

153 2929 157 2932 ·
245 2903 414 2996 {rum
445 2920 644 2974 vere,
691 2917 994 2985 quantum
1031 2904 1116 2965 sit
1149 2903 1523 2964 hominibus
1560 2905 1627 2964 in
1663 2902 2066 2966 firmitudine
2099 2903 2239 2963 ani-

243 3001 500 3046 morum
530 2997 596 3044 et
624 2983 1029 3066 experientia
1050 3004 1312 3045 casuum
1335 2985 1673 3067 praesidii,
1714 2984 2035 3071 apparuit.
2076 2988 2239 3048 Nam

239 3065 496 3126 tirones
527 3064 729 3128 altera
757 3066 906 3127 navi
934 3064 1352 3128 vehebantur.
1400 3067 1473 3139 ii,
1500 3088 1693 3149 quum
1724 3089 1795 3128 se
1820 3064 2235 3138 dedidiss'ent,

248 3146 516 3209 Otacilii
555 3145 829 3230 perfidia
864 3168 1088 3210 omnes
1122 3162 1271 3210 sunt
1300 3148 1707 3232 interempti.
1760 3147 2099 3218 Veterani,
2148 3145 2238 3206 si-

185 3297 194 3305 ,
244 3230 601 3290 mulatione
644 3228 998 3292 deditionis
1042 3243 1331 3291 extracto
1372 3242 1709 3312 tempore,
1755 3249 1983 3291 navem
2024 3229 2111 3290 im
2160 3249 2238 3288 u-

249 3311 472 3374 lerunt
505 3309 585 3370 ad
617 3311 810 3372 litus:
855 3323 944 3382 et,
989 3311 1421 3371 exscensione
1458 3309 1645 3381 facta,
1692 3312 1947 3394 equites
1976 3311 2054 3372 ab
2170 3331 2239 3370 a-

251 3392 411 3456 cilio
443 3391 752 3454 immiss'os
784 3391 1191 3473 repulerunt,
1235 3404 1304 3452 et
1329 3391 1409 3450 at]
1439 3409 1703 3468 suorum
1732 3391 2062 3474 praesidia
2084 3411 2241 3475 per-

250 3489 576 3538 venerunt
620 3473 1006 3536 incolumes.
1093 3471 1416 3534 Otacilius
1464 3470 1657 3532 etiam
1698 3472 1939 3534 Liss‘um
1989 3473 2240 3544 amisit,

254 3558 408 3643 quia
457 3569 816 3620 conventus
868 3554 1110 3618 civium
1154 3555 1632 3626 Romanorum,
1697 3553 1971 3616 Antonii
2020 3553 2243 3616 audito

252 3639 569 3711 adventu,
618 3638 696 3699 ad
724 3637 1022 3700 Caesaris
1051 3650 1272 3721 partes
1314 3655 1387 3698 se
1421 3635 1859 3719 applicuerat,
1905 3633 2088 3714 cujus
2124 3637 2245 3704 be-

251 3719 497 3802 neficio
531 3719 746 3781 datum
783 3719 912 3782 sibi
944 3719 1254 3803 oppidum
1284 3732 1477 3804 atque
1500 3719 1816 3782 munitum
1836 3719 2243 3782 meminerat.
2270 3731 2275 3738 ·

2260 789 2631 870 pestaeeperit·

371 3831 604 3908 XXIXss
645 3829 976 3936 Legiones
1013 3855 1471 3906 veteranorum
1502 3853 1642 3904 tres
1668 3839 1996 3903 Antonius
2022 3852 2233 3934 trans⁴
2299 3848 2545 3905 Militum

247 3927 469 4000 vexit,
511 3945 695 3986 unam
730 3937 1052 3999 tironum,
1098 3921 1292 4004 (haec
1329 3939 1515 3986 erant
1553 3922 1827 4006 circiter
1853 3921 2087 4005 viginti
2115 3942 2235 3982 mi·
2262 3937 2381 3976 cum
2398 3919 2571 3974 Ann-

337 4055 418 4143 Ca
522 4081 760 4139 xxvn.
811 4077 1071 4154 Appias.
1123 4081 1296 4140 eaeo.
1344 4076 1505 4138 Plut.
1556 4077 1783 4138 Antan.
1829 4077 1999 4136 Caes.
2088 4075 2241 4149 Cap.

251 4157 389 4214 XXI
447 4192 462 4211 .
501 4152 654 4210 Plut.
691 4151 913 4206 Anton.
1628 4201 1637 4210 .
1673 4217 1732 4287 F
1770 4241 1813 4291 ο
