2892 4684
628 198 748 262 250
790 142 1204 260 PREINSH.
1223 190 2080 261 SUPPLEMENTORUM
2093 192 2250 255 Lm.
2267 190 2638 267 LxanL

338 421 437 459 rc.
460 402 589 475 7⁰⁵·
630 410 953 473 lebratum
990 405 1191 479 illud,
1236 402 1648 467 velocitatem
1693 404 2014 467 victoriae
2055 424 2254 473 cursu
2302 418 2372 468 et
2403 404 2630 469 brevi-

340 510 359 531 ·
382 474 449 531 C·
480 488 570 545 47·
632 506 766 554 tate
810 490 1161 553 verborum
1209 486 1620 569 exprimens,
1677 491 1836 557 veui,
1887 489 2046 560 vidi,
2091 492 2235 547 vici.-
2297 487 2628 549 eumdem-

633 572 771 659 que
802 571 1018 657 postea
1052 571 1307 633 titulum
1344 567 1522 629 inter
1555 565 1806 629 fercula
1839 566 2152 653 triumphi
2187 570 2583 655 praetulill'e.

286 716 418 771 Mox
436 720 509 773 ab
528 720 605 775 A-
645 720 657 732 '
754 705 987 769 XXIV.
1053 705 1139 765 At
1170 702 1543 774 Domitius,
1589 698 1670 763 ad
1715 700 1858 761 inse
1907 699 2190 763 uendum
2223 700 2629 763 Pharnacem

249 789 455 869 sundro
474 792 603 844 ⁰ch-
632 790 891 863 miffus,
953 786 1243 869 Sinopen
1266 784 1573 846 delatum
1616 802 1760 844 cum
1795 783 1882 843 mi
1913 783 1975 844 le
2009 780 2350 845 admodum
2384 782 2629 867 equiti-

249 855 427 914 ’ἀΰ
626 871 782 944 bus,
826 869 940 954 qui
976 868 1055 929 ad
1090 888 1236 927 eum
1274 887 1356 928 ex
1387 866 1537 949 fuga
1575 878 2052 938 convenerant,
2099 886 2252 928 acce
2299 881 2367 929 to
2405 866 2475 926 in
2511 864 2628 927 de-

628 952 947 1017 ditionem
991 971 1030 1011 o
1080 946 1260 1031 pido,
1310 949 1555 1011 salvum
1595 946 1776 1007 abire
1807 946 2131 1030 permisit.
2211 951 2236 1009 l
2290 968 2350 1022 e,
2394 966 2627 1031 magna

630 1054 899 1097 suorum
954 1033 1021 1095 in
1070 1030 1404 1113 ignatione
1461 1030 1648 1113 equis
1713 1027 2124 1101 interfectis,
2191 1030 2262 1106 in
2306 1050 2506 1092 naves
2553 1048 2627 1096 se

630 1116 941 1187 contulit,
1006 1125 1399 1196 vegetusque
1443 1110 2028 1172 circum‘Ponticas
2066 1126 2334 1193 gentes,
2397 1132 2432 1172 e
2470 1112 2628 1193 Scy-

500 1200 506 1205 ’
627 1198 763 1261 this
798 1194 1239 1277 Sarmatisque
1290 1193 1614 1255 contraxit
1663 1191 2060 1253 mediocrem
2105 1188 2626 1256 multitudinem:

627 1277 1201 1360 Cljheodosiamque
1238 1290 1305 1337 et
1331 1275 1833 1360 Panticapaeum
1863 1276 2140 1358 recepit.
2227 1276 2382 1337 lnde
2415 1276 2486 1337 vi
2517 1274 2630 1335 ad·

626 1361 901 1444 jungere
944 1358 1240 1443 proxima
1287 1376 1584 1441 quaeque
1622 1356 1910 1439 Bospori
1963 1370 2304 1419 conantem
2345 1356 2629 1419 Asandri

626 1462 803 1505 arma
844 1460 1001 1503 exce
1054 1453 1277 1502 erunt:
1334 1438 1727 1523 proelioque
1759 1439 2125 1512 commiss'o,
2172 1460 2405 1521 quum,
2450 1437 2630 1521 quod.

626 1522 894 1585 roboris
936 1522 1015 1583 ha
1064 1520 1253 1593 ebat,
1301 1521 1597 1604 equites,
1644 1516 1927 1603 pedestri
2017 1540 2225 1603 ugnae
2263 1519 2477 1585 minus
2513 1518 2670 1605 ad·-

539 1670 543 1675 ,
630 1606 839 1673 sueti,
887 1604 1345 1674 vincerentur,
1389 1599 1760 1663 Pharnaces
1799 1542 2148 1663 fortifiime
2189 1623 2483 1685 pugnans
2528 1603 2631 1663 in-

628 1686 953 1749 terfectus
990 1684 1113 1757 est,
1159 1698 1366 1746 aetate
1405 1682 2042 1768 quinquagenarius:
2111 1704 2305 1779 quum
2333 1682 2630 1770 Bospori

628 1772 905 1855 regnum
942 1786 1145 1831 annos
1180 1765 1525 1828 admodum
1557 1764 1932 1849 quindecim
1967 1766 2290 1828 tenuiss'ct.

250 1968 253 1971 ,
313 1912 571 1967 caesares
752 1898 958 1963 XXV.
1002 1902 1257 1962 Interea
1288 1898 1561 1968 Caesar,
1613 1894 1853 1979 praeda
1897 1897 2079 1979 regia
2113 1898 2434 1962 militibus
2471 1918 2629 1961 con-

248 1994 378 2035 am·
393 1983 601 2052 nstvff·
630 1980 831 2053 cefl'a,
875 1980 1049 2065 juxta
1092 1996 1429 2063 tropaeum
1465 1975 1862 2039 Mithridatis
1889 2018 1908 2050 ,
1952 1978 2130 2061 quod
2154 2022 2172 2052 ,
2217 1981 2397 2043 victo
2436 1982 2628 2043 Tria·

248 2054 511 2107 ‘'nrm’'-
626 2060 773 2137 rio,
822 2078 1153 2135 erectum,
1211 2074 1282 2123 ut
1317 2080 1460 2121 rem
1497 2059 1645 2121 Diis
1686 2058 1847 2121 belli
1883 2061 2300 2144 praesidibus
2341 2065 2628 2137 sacram',

632 2158 937 2209 evertere
993 2144 1177 2207 nefas
1228 2140 1631 2213 habebatur,
1684 2140 1862 2203 aliud
1911 2138 1994 2203 de
2035 2142 2372 2209 Pharnace
2417 2165 2630 2229 oppo-

620 2228 785 2307 ῥιπὴ.
848 2226 1031 2310 ipse,
1077 2246 1221 2288 cum
1264 2223 1590 2307 expeditis
1633 2221 1966 2307 equitibus
2004 2225 2369 2309 profectus,
2415 2226 2629 2309 legio-

626 2326 777 2371 nem
834 2322 1075 2370 sextam
1122 2304 1448 2385 decedere
1491 2304 1573 2365 ad
1613 2302 1989 2389 accipienda
2026 2308 2311 2389 praemia
2353 2310 2422 2369 in
2455 2308 2630 2369 ltali-

626 2410 731 2453 am
764 2390 978 2469 juffit,
1036 2389 1271 2452 auxilia
1319 2386 1618 2466 Deiotari
1667 2386 1922 2448 remisit
1975 2386 2273 2466 domum3
2338 2390 2629 2453 Caelium

532 2512 540 2525 ·
628 2470 1045 2537 Vinicianum
1086 2492 1231 2535 cum
1276 2468 1523 2531 duabus
1558 2468 1936 2551 legionibus
1973 2468 2098 2531 reli
2149 2469 2246 2531 uit
2281 2472 2352 2531 in
2387 2475 2627 2533 Ponto.

629 2552 965 2617 Amiscnis
1008 2550 1093 2615 in'
1120 2550 1500 2615 calamitatis
1541 2549 1840 2619 solatium
1877 2568 2080 2613 conce
2135 2563 2188 2613 it
2223 2552 2632 2617 libertatem=

623 2648 853 2715 ‚cetera
882 2677 901 2709 ,
960 2654 1123 2719 quae
1188 2632 1426 2718 cuique
1473 2629 1848 2694 Pharnaces
1908 2632 2282 2715 cripuerat,
2345 2636 2633 2718 antiquis

632 2712 918 2779 dominis
972 2712 1285 2787 restituit,
1351 2726 1621 2797 excepta
1677 2726 1863 2797 parte
1915 2712 2194 2777 minoris
2240 2718 2633 2792 Armeniae,

634 2818 826 2885 quam
856 2795 1327 2860 Ariobarzanis
1366 2794 1496 2859 ess'e
1533 2794 1816 2877 juss'erat.

312 2938 633 2995 Mithrida-⁹
755 2928 991 2993 XXVI.
1035 2930 1169 2989 Per
1198 2926 1714 3011 Gallograeciam
1747 2940 1942 3012 atque
1969 2925 2336 3009 Bithyniam
2374 2923 2505 2989 iter
2535 2924 2635 2989 fa-

258 3008 605 3092 eifferganfe.
638 3008 859 3081 ciens,
920 3010 1411 3071 controversias
1449 3028 1600 3071 earu
1705 3009 2189 3093 provinciarum
2225 3010 2634 3091 composuit,

136 3140 143 3151 ,
220 3090 605 3149 —mP'ffl’m-'ffl
640 3104 959 3174 et‚,quae,
997 3110 1323 3175 quemque
1370 3030 1885 3163 tenereuellet,
1938 3087 2299 3153 constituit:
2366 3088 2638 3171 Deiota-

636 3192 757 3246 ro,
822 3194 952 3235 non
994 3171 1205 3234 solum
1250 3188 1526 3270 propter
1566 3173 1690 3233 lata
1739 3172 2083 3235 adversum
2129 3192 2202 3233 se
2249 3192 2460 3243 arma,
2517 3170 2639 3235 sed

638 3256 833 3317 etiam
886 3255 1035 3338 quia
1082 3254 1285 3317 sociis
1331 3252 1649 3319 victoriae
1699 3252 1996 3315 donanda
2041 3273 2172 3314 non
2220 3252 2480 3315 aliunde
2521 3273 2648 3315 cu·-

634 3336 945 3398 mulatius
988 3336 1153 3397 sumi
1196 3350 1534 3418 poterant,
1587 3335 1903 3420 iniquior.
1987 3333 2282 3406 Idcirco,
2327 3335 2486 3396 licet
2522 3334 2641 3397 ille

642 3417 1110 3499 deprecatores
1142 3417 1411 3479 haberet
1441 3418 1760 3502 plurimos
1783 3458 1802 3491 ,
1849 3428 1912 3477 et
1941 3416 2220 3478 Nicaeae
2257 3414 2571 3478 defensus
2603 3438 2644 3479 a

640 3500 851 3559 Bruto
898 3498 1059 3561 ell'et
1098 3498 1492 3568 enixiss'ime,
1566 3515 1731 3582 quae
1780 3494 1994 3583 postea
2035 3499 2245 3558 oratio
2288 3494 2377 3557 est
2419 3498 2636 3573 edita,

640 3578 1009 3641 Mithridati
1058 3580 1504 3661 Pergameno,
1563 3578 1744 3659 ‘cujus
1773 3578 2096 3663 Aegyptio
2133 3576 2312 3639 bello
2341 3578 2639 3663 praecla-

644 3680 718 3723 ra
768 3680 971 3747 opera
1014 3659 1271 3734 fuerat,
1334 3660 1750 3725 tetrarchiam
1799 3660 2414 3744 Gallograecorum,
2467 3680 2644 3750 pene

714 3882 860 3953 Cap.
894 3879 1105 3945 xxm.
1148 3880 1289 3937 Dio.
1330 3882 1576 3939 Sueten.
1615 3882 1784 3939 Caes.
1823 3898 1874 3937 c.
1902 3881 1992 3949 37.
2084 3882 2232 3967 Cap.
2269 3878 2480 3936 xxlv.
2520 3882 2645 3953 Ap.

640 3950 807 4017 pian.
848 3948 1116 4005 Mithrid.
1170 3950 1311 4005 Dio.
1362 3951 1620 4023 Appian.
1712 3952 1861 4025 Cap.
1895 3952 2075 4007 XXV.
2113 3953 2265 4007 Birt.
2305 3949 2442 4005 Dio.
2481 3950 2640 4005 Birt.

644 4020 777 4077 Dio.
816 4018 942 4073 Cic.
978 4019 1129 4073 Phil:
1165 4036 1217 4100 a,
1250 4022 1339 4095 37,
1408 4022 1558 4091 Cap.
1581 4022 1791 4077 xxx'l.
1827 4018 1984 4075 Hirt.
2025 4020 2154 4077 Cic.
2185 4018 2338 4075 Phil.
2373 4038 2420 4081 a,
2455 4019 2546 4087 37.
2579 4029 2644 4073 et

644 4106 763 4171 pro
788 4088 989 4159 Deiot.
1025 4089 1109 4147 ιδ.
1146 4090 1273 4146 010.
1306 4086 1383 4146 ad
1404 4090 1532 4149 Ati.
1567 4095 1656 4159 14.
1685 4106 1733 4148 ι.
1769 4100 1830 4147 et
1859 4091 2032 4149 Brut.
2067 4106 2124 4149 c·
2139 4090 2196 4148 6.
2229 4087 2389 4145 Plut.
2425 4088 2644 4145 Bruto.
