2892 4684
551 268 572 279 ·
594 256 682 318 m
720 214 1022 318 nocuit
1063 254 1229 317 Lm.
1271 252 1522 316 cxxx.
1564 254 1793 322 mvn.
2052 252 2169 334 ⁵7³

349 460 640 524 xxvm.
686 461 946 551 Quippe
992 462 1058 522 in
1097 461 1368 543 Syriam,
1410 477 1599 545 atque
1635 461 1787 523 inde
1821 463 2167 546 Aegyptum
2230 458 2297 515 ⁰.
2330 474 2379 512 e.
2404 456 2529 545 716.

285 548 631 624 reperim,
695 558 763 602 ut
809 544 970 625 apud
1016 546 1407 625 Cleopatram
1443 544 1783 615 hiemaret,
1826 565 2033 627 neque
2070 532 2168 604 hi·
2230 528 2496 609 καθὸ·
2602 543 2625 573 ²

187 564 439 682 'Herna
484 620 718 682 habere
770 624 834 681 in
883 625 1180 685 Armenia
1231 624 1466 696 voluit,
1526 642 1643 685 nec
1696 644 1834 685 cum
1890 643 1969 686 eo
2014 644 2168 705 rege
2194 599 2515 717 ‚52:3¹2ss

239 703 512 764 bellume
573 704 788 764 multis
837 704 1310 787 instigantibus,
1381 724 1462 765 ne
1504 702 1843 799 perfidiam
1894 705 2167 772 hominia
2194 678 2539 804 namnet„

239 783 502 843 inultam
555 798 900 867 pateretur.
997 790 1128 848 Nec
1166 785 1332 847 enim
1369 779 1803 851 dubitabatur.
1867 786 2019 869 quin
2058 786 2173 847 ille
2194 815 2348 867 rans,

239 863 572 925 victoriam
611 864 964 925 Parthicam
1000 868 1413 949 corrupiss'ett
1520 863 1726 950 nando
1774 867 1942 927 inter
1972 862 2171 949 profi-

245 943 612 1004 ciscendum
661 942 1154 1041 profligaverant
1203 944 1434 1008 bostem
1475 888 1694 1007 decies
1745 948 1989 1018 octies,
2056 946 2174 1008 sed

241 1022 374 1085 levi
425 1026 786 1087 cedentum
833 1026 1090 1101 damno,
1152 1046 1313 1110 quos
1353 1039 1621 1111 propter
1659 1028 2061 1089 velocitatem
2102 1048 2174 1089 e-

245 1124 518 1187 quorum
558 1106 820 1189 adsequi
857 1108 1119 1170 Romani
1162 1127 1288 1171 non
1328 1121 1682 1189 potuerant.
1739 1108 1910 1191 quod
1938 1108 2012 1187 ‚si
2048 1108 2172 1168 Ar-

243 1184 446 1247 menii
480 1187 770 1269 equites,
814 1186 1062 1249 adsueti
1091 1188 1391 1249 Parthico
1431 1187 1627 1261 hosti,
1688 1206 1897 1271 neque
1939 1188 2171 1250 celeri-

243 1279 376 1327 tate
424 1266 732 1349 impares,
805 1266 1168 1343 adfuiss'ent,
1238 1268 1467 1351 ingens
1570 1268 1874 1331 ericulum
1916 1268 2169 1331 Parthis

247 1346 623 1408 incubuerat
655 1389 674 1417 ,
753 1366 832 1407 ne
863 1388 880 1419 ,
961 1350 1475 1433 propulsantibus
1597 1350 1884 1421 omanis,
1947 1368 2170 1432 perse-

252 1426 596 1509 quentibus
651 1428 1008 1499 Armeniis,
1086 1428 1306 1511 grandi
1355 1430 1565 1512 aliquo
1628 1428 1978 1491 infortunio
2042 1450 2170 1489 ma-

254 1520 596 1568 ctarentur.
681 1508 808 1569 Sed
853 1511 1202 1581 Antonius,
1244 1510 1310 1570 in
1351 1509 1470 1569 alia
1500 1510 1789 1593 'tempora
1829 1508 2169 1572 vindictam
2223 1567 2232 1576 .

255 1586 595 1657 differens,
667 1590 990 1673 pecuniam
1040 1604 1102 1652 et
1145 1598 1561 1651 ‘commeatum
1623 1592 1699 1652 ab
1752 1610 1949 1673 rege,
2016 1604 2174 1651 tam-

247 1666 440 1751 'quam
492 1668 669 1729 socio
726 1683 791 1731 et
839 1670 1072 1743 amico,
1132 1670 1418 1753 adcepit=
1488 1690 1695 1753 neque
1742 1670 2176 1754 proditionem
2254 1718 2266 1735 .

253 1748 732 1831 exprobrando,
782 1770 982 1833 neque
1014 1750 1158 1811 ullis
1191 1750 1332 1811 aliis
1367 1752 1430 1811 in
1460 1752 1652 1813 rebus
1692 1752 1983 1833 priorum
2017 1765 2175 1813 tem-

251 1849 480 1915 porum
513 1830 944 1915 praetermiss'a
981 1846 1086 1895 aut
1119 1830 1442 1895 imminuta
1478 1831 1793 1895 comitate.

372 1994 597 2055 XXIX.
655 1996 749 2056 Ex
786 1994 1116 2069 Armenia,
1159 1992 1312 2057 licet
1351 1994 1470 2074 jam
1508 1992 1717 2057 adulta
1744 1995 1955 2059 biems
1985 1996 2171 2071 ell'et,
2238 2042 2285 2097 P
2302 2059 2335 2095 r
2359 2046 2522 2094 mu.-
2642 2010 2651 2021 ·

251 2092 378 2159 per
426 2075 752 2136 continuas
801 2079 984 2137 nives
1033 2076 1491 2159 Cappadociam
1540 2076 1767 2159 raptim
1820 2079 2175 2151 transiens,
2202 2061 2335 2162 ηε,
2368 2064 2513 2163 niul:

254 2154 654 2217 Antiochiam
687 2158 1020 2238 pervenite
1066 2176 1184 2217 nec
1219 2157 1310 2217 ibi
1344 2170 1799 2227 commoratus,
1846 2177 1987 2225 cnm
2026 2180 2173 2240 pau·
2206 2180 2527 2247 cupam-

259 2236 357 2296 cis
404 2234 478 2295 ad
523 2256 692 2323 mare
734 2236 1100 2310 descendit,
1159 2250 1222 2299 et
1274 2239 1346 2319 in¹
1393 2236 1640 2301 castello
1688 2237 1957 2320 quodam
2012 2238 2180 2303 inter
2204 2246 2525 2301 sacramen.

251 2316 556 2397 Berytum
597 2332 659 2379 et
701 2316 1012 2399 Sydonem
1061 2320 1260 2397 (eicum
1305 2318 1481 2377 album
1527 2319 1865 2397 vocabant)
1914 2320 2180 2403 Cleopa-

253 2408 416 2458 tram
456 2402 878 2481 exspectavit3
942 2419 1132 2481 saepe
1183 2417 1218 2458 a
1267 2398 1551 2481 poculis,
1608 2398 1835 2481 quibus
1873 2400 2181 2481 intempe-

254 2493 475 2539 ranter
509 2478 968 2550 delectabatur,
1013 2480 1348 2554 exsiliens,
1393 2493 1465 2542 ut
1490 2480 1922 2563 specularetur
1950 2480 2184 2541 adren-

256 2569 394 2618 tum
428 2558 584 2637 ejus.
678 2558 1004 2643 Postquam
1042 2559 1421 2643 illa-adfuit,
1486 2558 1707 2623 vestem
1752 2574 1814 2621 et
1854 2558 2182 2643 pecuniam
2310 2580 2325 2597 ’

263 2638 577 2700 exercitui
614 2638 866 2711 divisit,
909 2644 1190 2725 quinque
1233 2656 1296 2702 et
1333 2641 1593 2723 triginta
1630 2641 1929 2713 denarios
1967 2642 2183 2723 singu-

260 2717 382 2792 lis,
447 2733 750 2801 tamquam
796 2721 1062 2781 adlatum
1110 2744 1144 2783 a
1187 2723 1521 2807 Cleopatra
1570 2721 1955 2783 donativum.
2054 2722 2184 2783 Sed

257 2798 372 2860 alii
415 2798 644 2863 vestem
676 2820 709 2862 a
743 2804 960 2883 regina
991 2801 1440 2885 suppeditatam
1478 2803 1666 2879 ajunt,
1710 2804 2039 2885 pecuniam
2068 2822 2182 2863 ne-

218 2888 443 2963 'genu
501 2897 778 2943 ceterum
817 2884 989 2944 illius
1027 2885 1278 2945 nomine
1318 2882 1712 2944 distributam
1737 2924 1753 2952 ,
1798 2882 1874 2941 ab
1910 2884 2184 2964 impera·

260 2973 404 3023 tore
437 2963 782 3045 profectam
811 2964 958 3025 elI'e.
1041 2964 1166 3023 Hic
1197 2963 1621 3047 expeditionis
1648 2963 2043 3024 Antonianae
2078 2982 2186 3023 ex-

261 3041 404 3103 itus.
432 3065 619 3126 quum
647 3046 884 3107 Romae
927 3063 1048 3105 non
1094 3046 1529 3127 ignoraretur,
1586 3056 1650 3103 et
1686 3042 1845 3105 fama
1884 3046 2187 3105 nuncian-

261 3134 330 3183 te
378 3126 740 3198 veritatem,
805 3140 868 3185 et
914 3123 1256 3207 diligenter
1300 3144 1372 3186 ex
1423 3125 1666 3185 lorante
1708 3138 1929 3187 cuncta
1962 3126 2187 3187 Caesa·

263 3222 377 3283 re3
423 3220 628 3280 tamen
669 3227 782 3289 sup
832 3206 1166 3269 licationes
1203 3206 1270 3267 in
1306 3229 1382 3267 ur
1483 3245 1500 3276 ,
1544 3218 1853 3287 tamquam
1879 3204 2043 3266 bene
2076 3224 2189 3287 ge-

133 3288 148 3303 ⁶
263 3282 349 3346 sta
383 3287 729 3368 republica,
805 3300 1049 3347 uerunt.
1071 3366 1086 3381 ⁸
1109 3286 1364 3372 Quippe
1394 3292 1659 3353 Marcus,
1704 3288 2030 3347 occultatis
2061 3287 2189 3345 cla-

267 3363 486 3437 dibus,
530 3365 992 3439 tantummodo,
1037 3388 1090 3429 si
1129 3388 1246 3451 qua
1287 3382 1463 3429 erant
1494 3366 1707 3449 paullo
1748 3368 2046 3439 meliora,
2091 3368 2190 3426 in-

265 3442 476 3506 flatius
533 3449 1028 3531 perscripserat:
1091 3450 1259 3530 quod
1315 3450 1495 3512 vivus
1550 3468 1585 3508 e
1638 3449 1826 3509 tantis
1878 3448 2191 3531 periculis

268 3524 578 3597 ovasiss'et,
626 3528 952 3589 victoriam
983 3550 1234 3591 vocans.
1317 3532 1398 3591 Et
1435 3528 1888 3611 supersedebat
1920 3547 2192 3609 arguere

269 3608 537 3677 Caesar,
583 3608 844 3672 durante
887 3608 1087 3672 adbuc
1129 3611 1308 3672 Sexti
1346 3610 1546 3671 bello:
1607 3608 1753 3669 dein
1796 3623 1965 3671 ratus
2006 3608 2190 3682 fore,

265 3702 340 3750 ut
365 3689 678 3751 Antonius
724 3711 836 3752 sua
879 3690 1003 3753 sibi
1043 3690 1342 3755 vecordia
1385 3690 1611 3751 malum
1648 3691 2006 3753 arcess’eret.

345 3916 492 3987 cnp.
535 3917 791 3977 xxvm.
841 3918 1003 3973 rior.
1049 3916 1174 3973 mv.
1217 3920 1262 3972 E
1306 3917 1371 3972 it.
1421 3914 1573 3970 mut.
1626 3915 1763 3971 mo.
1812 3914 1964 3969 mut.
2050 3912 2125 3967 ca
2176 3948 2194 3965 .

263 3985 458 4112 {xlx
477 3984 630 4109 1{lim
667 3987 828 4043 Flor.
863 3986 1016 4045 Plut.
1057 3988 1230 4044 Oros.
1314 3986 1416 4043 lut·
1458 3987 1590 4057 Dio,
1609 3995 1667 4040 et
1685 3983 1835 4039 Plut.
1870 3984 2005 4039 Dio.
2037 3984 2125 4037 Ve
2176 4018 2192 4036 .

379 4070 430 4108 r.
532 4070 613 4112 ιο.
