2892 4684
1258 65 1299 94 Ι

614 281 701 342 IN
747 272 1049 338 Locum
1088 275 1255 336 LIB.
1302 271 1529 342 CXVI.
1577 271 1817 338 len.
2109 266 2228 341 243
2397 301 2425 340 μ

226 487 390 567 niti,
454 507 761 571 suamque
799 486 1015 548 vicem
1056 483 1267 554 anxii,
1324 479 1772 566 trepidabant:
1837 495 1962 540 nec
2015 475 2228 551 enim,
2291 467 2368 527 U·
2399 469 2606 539 c·7'⁴1·fl-

230 582 471 652 quanta
512 583 619 630 aut
656 557 877 631 m'anua
921 565 1443 646 conjuratorum,
1509 577 1616 626 aut
1701 559 1846 622 uale
1883 560 2230 622 consilium
2560 577 2578 594 ·

234 651 431 722 effet,
479 650 785 733 liquebat.
872 631 1185 731 Ideoque,
1232 646 1668 730 licet.progre
1721 665 1796 705 us
1837 642 1904 704 in
1943 641 2231 702 medium

232 737 479 794 Brutus
528 733 773 816 alloqui
819 743 1130 815 cuperet,
1196 726 1541 806 ejicientes
1584 748 1654 788 se
1693 726 1912 796 curia,
1978 723 2130 806 fuga
2170 733 2239 784 et

232 813 511 876 tumultu
548 817 762 876 omnia
802 811 1197 880 miscebant,
1246 807 1480 870 obvios
1515 809 1614 868 sui
1645 809 1922 891 quisque
1954 805 2237 866 terroris

235 895 533 978 implens,
618 899 843 978 anue
880 915 991 956 res
1036 890 1354 953 leviss'imo
1405 891 1644 971 cuique
1683 888 2094 950 occasionem
2127 887 2240 948 'fe-

238 977 359 1047 cit,
422 996 545 1059 per
596 977 865 1056 vulnera
914 988 983 1037 et
1026 974 1286 1056 rapinas
1338 971 1746 1032 exercendae
1802 969 2236 1051 petulantiae=

233 1059 551 1142 multique
580 1059 920 1142 peregrini
952 1069 1147 1139 atque
1184 1052 1391 1125 cives,
1440 1052 1560 1114 sed
1606 1064 1672 1114 et
1706 1064 2044 1114 senatores
2073 1071 2240 1114 non-

232 1139 439 1210 nulli,
516 1140 841 1203 vulnerati
894 1152 961 1200 et
1016 1136 1223 1198 occisi
1274 1147 1425 1196 sunt
1487 1135 1760 1196 incertis
1823 1135 2242 1210 auctoribus3

232 1239 499 1283 mensae
538 1209 979 1304 tabernaeque
1021 1218 1341 1301 direptae.
1433 1215 1699 1311 Quippe
1750 1233 1828 1276 ex
1868 1216 2242 1298 propinquo

234 1302 491 1363 theatro
518 1314 648 1362 tam
680 1315 1119 1386 spectatorum
1152 1299 1338 1362 turba
1364 1341 1381 1370 ‚
1430 1317 1618 1383 quam
1649 1297 1782 1381 ipsi
1812 1313 2076 1380 quoque
2110 1299 2245 1379 gla-

234 1383 525 1446 diatores
577 1383 655 1444 ab
709 1383 965 1446 editore
1012 1379 1407 1466 praemoniti
1452 1391 1864 1462 eruperann
1921 1381 2007 1440 Et
2043 1397 2248 1461 ‚auge-

232 1466 345 1527 bat
400 1461 983 1534 consternationem
1038 1463 1393 1524 vehemens
1456 1461 1671 1524 imber
1731 1481 1876 1522 cum
1936 1457 2260 1540 horribili,

235 1545 525 1618 tonitru,
591 1547 775 1630 quasi
826 1547 1080 1608 coelum
1132 1546 1343 1630 ipsum
1390 1541 1702 1607 funestam
1749 1557 1943 1628 atque
1988 1541 2242 1607 luctuo-

240 1647 377 1688 sam
410 1627 643 1690 faciem
681 1627 1007 1692 induiss'et.

359 1735 497 1796 Lx.
553 1733 811 1796 Idcirco
850 1747 985 1799 tota
1023 1729 1183 1795 urbe
1222 1727 1452 1794 domus
1491 1729 1992 1798 claudebanturt
2057 1751 2242 1797 sena·
2303 1734 2548 1818 Lepidus·
2613 1799 2631 1810 ,

236 1827 459 1888 tores,
522 1817 635 1879 ubi
679 1818 957 1900 quisque
1001 1829 1297 1900 poterat,
1362 1837 1486 1910 per
1536 1817 1839 1880 tabernas
1891 1831 1956 1879 et
2002 1808 2242 1879 insulas
2273 1813 2562 1862 ”mim“
2671 1812 2678 1822 '

240 1917 315 1960 se
354 1896 713 1960 abdebant:
774 1898 1203 1962 occursabant
1246 1897 1530 1959 inv1cem
1567 1899 1858 1981 agmina,
1899 1897 2054 1960 binc
2087 1919 2242 1960 con·
2269 1881 2541 2001 '‘iamim'‘

238 1980 649 2042 tendentium
686 1979 765 2040 ad
803 1979 1223 2064 spectandum
1262 1999 1542 2075 corpus,
1592 1980 1746 2041 inde
1786 2003 1861 2042 re
1899 1993 2246 2065 perspecta
2307 1966 2332 1999 ’
2371 1959 2500 2000 '‘⁶³“

244 2061 683 2122 redeuntium.
768 2063 1089 2123 Antonius
1134 2077 1199 2123 et
1237 2060 1530 2142 Lepldus
1583 2062 1711 2124 sibi
1760 2062 2064 2125 timentes
2111 2060 2249 2145 pri·

243 2161 354 2203 mo
393 2143 461 2201 in
498 2141 741 2204 alienas
778 2143 975 2208 aedes
1014 2141 1439 2226 profugiuntt
1503 2164 1655 2205 mox
1691 2145 2047 2217 Antonius,
2107 2165 2249 2205 mu-

246 2236 377 2286 tata
425 2221 595 2285 veste
644 2225 807 2284 clam
848 2227 1173 2309 egress'us‚
1241 2226 1665 2288 communivit
1713 2247 1895 2288 suas:
1957 2225 2250 2310 Lepidus

246 2305 317 2366 in
350 2304 617 2366 Tiberis
661 2306 973 2380 insulam,
1032 2305 1149 2367 ubi
1190 2305 1367 2390 legio
1410 2317 1551 2368 erat
1587 2307 1860 2369 militum
1885 2349 1903 2382 ‚
1946 2309 2252 2371 transmi-

246 2389 371 2459 sit,
416 2400 609 2470 atque
650 2387 804 2450 inde
840 2388 1112 2452 deduxit
1144 2388 1219 2463 in,
1241 2391 1548 2472 Campum
1572 2429 1589 2464 ,
1651 2387 1942 2451 mandata
1979 2387 2252 2453 Antonii

236 2477 565 2552 'tamquam
618 2473 909 2534 consulis
962 2473 1366 2556 opperiens?
1416 2475 1505 2534 At
1554 2489 1793 2556 corpus
1842 2469 2002 2534 illud
2043 2485 2252 2533 terra·

244 2573 389 2613 rum
440 2549 637 2614 modo
685 2554 1088 2637 mariumque
1141 2550 1435 2627 domini,
1501 2550 1890 2636 diffugiente
1940 2553 2252 2615 comitum

242 2633 471 2704 turba,
518 2633 910 2728 aliquamdiu
943 2635 1275 2698 desertum
1306 2632 1540 2716 jacuit,
1587 2632 1818 2707 donec,
1864 2633 2076 2698 tribus
2109 2654 2250 2696 ser-

242 2713 419 2788 vulis
448 2714 745 2775 lecticam
770 2717 1009 2800 impari
1043 2719 1258 2802 greffu
1292 2715 1826 2790 succollantibus,
1876 2715 2252 2802 dependen·
2357 2783 2362 2790 ,

244 2807 316 2858 te
356 2793 628 2856 brachio
674 2795 934 2859 domum
974 2814 1449 2882 reportaretur.

370 2902 539 2962 LXI.
602 2893 731 2964 Se'd
772 2905 1184 2986 percuss‘ores
1224 2904 1564 2984 Caesaris,
1607 2902 1936 2996 postquam
1969 2905 2036 2969 in
2070 2902 2248 2969 curia
2299 2903 2617 2978 Percuffms
2651 2951 2658 2962 .

236 3001 443 3046 -nemo
484 2981 839 3068 praestabat
881 2985 1273 3050 audientiam
1296 3032 1312 3063 ‚
1383 2990 1556 3074 togis
1596 2990 1842 3054 circum
1879 2992 2062 3052 laeva
2101 2986 2248 3050 bra·
2275 2979 2332 3032 ὕ*
2360 2979 2558 3046 form

248 3067 396 3129 chia
434 3065 930 3131 circumvolutis
954 3109 971 3140 ,
1018 3083 1325 3131 cruentos
1362 3072 1686 3154 pugiones
1723 3069 2097 3158 quatiendo,
2141 3089 2248 3131 re·
2273 3049 2556 3160 P'⁰³'¹‘”f·

246 3162 353 3234 cta¹
392 3149 754 3233 pergebant
796 3152 865 3212 in
901 3151 1158 3222 forum,
1202 3152 1624 3234 praeferente
1665 3155 1944 3239 quodam
1985 3153 2049 3215 in
2082 3149 2252 3216 hasta

247 3231 539 3316 pileum,
582 3231 911 3296 libertatis
952 3234 1247 3316 signumz
1307 3233 1862 3320 hortabanturque
1897 3235 2247 3322 populum,
2314 3287 2318 3292 ,

246 3333 431 3393 regem
469 3333 637 3394 atque
679 3333 973 3390 tyrannum
1016 3316 1368 3394 mterftctum
1411 3313 1512 3395 ‘'ff‘'
1555 3315 1951 3380 dictitantes.
2037 3321 2124 3380 Et
2155 3317 2246 3380 M.

246 3395 532 3469 Brutus,
584 3407 923 3460 cruentum
968 3397 1097 3458 alte
1139 3395 1460 3458 extollens
1496 3398 1884 3482 pugionem,
1937 3403 2250 3460 Ciceronem

242 3477 628 3541 nominatim
663 3476 1067 3553 inclamavit,
1140 3491 1333 3562 atque
1381 3480 1444 3542 ei
1488 3495 1936 3564 recuperatam
1977 3479 2246 3544 liberta-

239 3567 381 3618 -tem
420 3555 507 3619 est
539 3561 914 3643 gratulatus.
1158 3565 1165 3576 '

373 3655 571 3718 an.
613 3647 883 3721 Interim
938 3660 1235 3725 nonnulli
1284 3657 1723 3744 adgregabant
1775 3677 1848 3722 se
1898 3657 2241 3736 euntibus,

248 3735 426 3799 laudi
466 3751 533 3800 et
563 3739 853 3822 praemio
890 3741 1177 3840 futurum
1208 3747 1357 3817 rati,
1384 3744 1466 3805 si
1502 3739 1757 3830 egregii
1787 3742 2102 3805 facinoris
2138 3762 2244 3805 so-

334 3895 657 3970 eap.1.1x.
714 3893 865 3950 Plut.
919 3896 1085 3955 caes.
1136 3909 1197 3956 et
1236 3902 1449 3959 Bruto.
1482 3889 1761 3976 'Appiam
1817 3898 1968 3968 nio,
2018 3917 2079 3974 p.
2120 3899 2239 3970 176.

250 3967 397 4038 Cap.
434 3967 551 4022 Lx.
604 3965 759 4020 Plut.
808 3966 1064 4038 Appian.
1110 3971 1251 4024 Dio.
1300 3971 1456 4026 Plut.
1492 3974 1659 4027 Caes.
1697 3971 1823 4027 Cic.
1857 3971 2014 4026 Phil.
2051 3987 2114 4038 α,
2147 3971 2239 4027 35.

248 4035 405 4091 Plut.
438 4037 659 4092 Anton.
686 4035 828 4091 Dio.
860 4037 1113 4110 Appian.
1146 4040 1393 4097 Sueton.
1420 4041 1675 4115 Appian.
1733 4043 1877 4110 Cap.
1898 4041 2043 4095 LXI.
2083 4039 2236 4095 Plut.

248 4105 463 4161 Bruto.
484 4105 638 4162 ·'Dio.
679 4105 936 4180 Appiae.
970 4106 1096 4164 Cic.
1125 4109 1275 4166 Phil.
1307 4127 1359 4180 a,
1386 4129 1468 4170 ιι.
1539 4109 1879 4183 Cap.Lx11.
1917 4108 2070 4167 Plut.
2095 4109 2238 4164 Dio.

255 4171 512 4248 Arrian·
610 4205 619 4222 ·
1661 4231 1668 4244 .

310 4309 313 4313 ,
1667 4249 1732 4351 Q
1770 4273 1813 4323 a
