2892 4684
570 268 664 335 m
705 244 1012 331 'Locum
1043 264 1211 368 1313.
1249 262 1597 329 cxxxlv.
1644 262 1881 331 mvn.
1976 314 1983 323 .
2075 258 2197 342 703

219 496 322 544 cta
364 478 653 552 Corsica,
699 476 1022 545 Siciliam,
1067 474 1428 556 Illyricum,
1475 476 1939 546 Macedoniam,
1985 472 2191 534 Acha-
2254 472 2548 545 means.

219 564 378 643 jam,
439 562 874 622 Cretam'cum
912 558 1200 639 Cyrene,
1261 559 1581 641 Cyprum,
1639 558 2003 640 Bithyniam
2047 572 2194 615 cum
2250 545 2517 611 3004?-

221 641 632 725 Propontide
663 640 1010 723 vicinaque
1045 652 1231 723 parte
1266 640 1487 700 Ponti.
1938 642 1945 661 ¹

340 750 625 813 XCVIII.
674 748 835 808 Suas
887 760 1096 807 autem
1130 744 1505 828 provincias
1552 766 1588 805 a
1632 764 1703 806 se
1744 760 1873 804 uuo
1917 742 2191 805 delectis
2251 770 2445 837 Qut„
2478 764 2536 820 ὅ,

217 830 488 896 tradidit
532 832 767 893 Caesar
791 871 807 901 ‚
875 827 1316 910 adpellarique
1355 829 1605 909 legatos
1629 867 1645 897 ‚
1707 825 1960 887 etiamsi
2018 826 2192 887 forte
2217 822 2531 909 provinciis*

217 913 619 976 consulatum
653 910 996 993 gess'iss'ent‚
1039 909 1269 969 voluit.
1352 908 1480 967 His
1528 928 1658 968 non
1692 906 2028 988 temporis,
2078 904 2196 967 sed
2220 904 2499 961 Caesaris.

215 994 570 1058 voluntatis
601 1012 774 1064 suae,
819 990 1011 1051 modo
1048 987 1314 1053 finiebat
1346 990 1583 1050 Caesar
1616 984 2027 1072 potestatem:
2076 988 2196 1048 mi-
2378 1057 2381 1063 ¹

211 1077 392 1139 litari
426 1073 651 1134 habitu
675 1074 1022 1153 cinctuque
1049 1090 1205 1132 cons
1256 1070 1556 1141 iciendis„
1602 1084 1673 1131 ut
1696 1068 1931 1151 quibus
1973 1069 2037 1128 in
2074 1071 2195 1129 mi·
2340 1119 2353 1147 ,

210 1159 368 1219 lites
401 1154 950 1215 animadvertendi
977 1172 1178 1214 conce
1235 1174 1336 1212 um
1367 1150 1479 1231 jus·
1515 1152 1708 1213 ess'etz
1756 1150 1825 1210 id
1854 1150 2035 1211 enim‘
2056 1152 2193 1231 ejus

210 1237 545 1323 potestatis
569 1237 828 1318 insigne
852 1234 959 1305 est,
993 1254 1118 1296 neo
1147 1234 1225 1295 ab
1255 1234 1400 1294 aliis
1423 1245 1789 1315 usurpatur.
1851 1233 2059 1293 Senos
2084 1254 2194 1293 au·-

213 1336 350 1383 tem
375 1321 644 1380 lictores
679 1316 1014 1386 habebant,
1062 1328 1378 1399 quotquot
1411 1334 1637 1375 eorum
1667 1332 1795 1373 non
1818 1313 2195 1381 ess'entcon-

215 1400 427 1465 sulatn
458 1397 685 1470 functi,
735 1408 925 1479 atque
959 1396 1110 1457 hinc
1149 1398 1245 1457 eis
1279 1395 1446 1480 apud
1462 1396 1757 1458 ‘Graecos
1788 1396 2025 1456 nomeu·
2042 1395 2193 1457 tfuit.

215 1484 431 1564 Saepe
455 1494 663 1542 autem
687 1478 951 1553 adeidit,
989 1492 1057 1540 ut
1077 1478 1405 1539 voluntate
1426 1477 1722 1539 Caesaris
1747 1478 1934 1537 etiam
1960 1493 2194 1538 consu·
2245 1478 2585 1553 Magistrum
2631 1476 2637 1487 “

176 1597 183 1606 ·
214 1564 318 1625 les
351 1576 821 1645 praetoresque
852 1561 921 1620 iu
967 1557 1331 1642 magistratu
1371 1578 1487 1618 suo
1522 1558 1893 1641 provincias
1939 1558 2193 1619 obtine·
2210 1550 2397 1615 smmi
2432 1568 2531 1631 ’φη

211 1658 390 1705 rent.
471 1642 645 1703 Idem
677 1654 889 1703 tamen
920 1654 1144 1702 auctor
1173 1639 1298 1700 fuit
1326 1636 1617 1711 instituti,
1661 1658 1744 1699 ne
1772 1636 2189 1725 magistratus,
2223 1630 2348 1669 ’Μ’
2376 1634 2530 1689 9¹⁴⁸*

211 1723 517 1820 deposito
547 1714 818 1795 honore,
863 1720 1064 1783 statim
1093 1722 1160 1781 in
1183 1720 1554 1805 provincias
1579 1721 1994 1782 mitterentur
2011 1741 2032 1799 3
2078 1718 2193 1781 secl
2217 1700 2577 1823 {xxxi-:tias

215 1805 726 1891 quinquennium
762 1806 985 1866 saltem
1027 1804 1584 1885 interponeretur.
2214 1838 2529 1895 mmmm„

342 1914 566 1973 XCIX.
613 1913 700 1973 Et
732 1910 921 1972 initio
970 1908 1268 1994 quidem,
1315 1928 1693 1991 quamquam
1732 1908 1955 1991 plures
1994 1908 2199 1970 effent

210 1993 616 2078 provinciis,
675 2008 890 2054 tamen
935 2012 1160 2054 omnes
1199 1990 1277 2050 ad
1333 1990 1737 2051 sortiendum
1774 1988 2200 2051 admitte-bau-
2505 2060 2512 2067 p

209 2068 360 2138 tur:
407 2073 656 2158 postea,
699 2086 973 2157 propter
1011 2070 1432 2156 quorumdam
1472 2071 1741 2143 delicta,
1787 2071 2025 2131 Caesar
2060 2090 2201 2131 eam
2616 2092 2629 2125 ι

213 2177 480 2239 quoque
519 2174 656 2215 rem
699 2175 852 2215 suae
887 2152 1216 2239 potestatis
1261 2154 1422 2215 fecit
1458 2152 1791 2225 hactenus,
1837 2166 1907 2213 ut
1945 2170 2024 2212 ex
2062 2173 2200 2213 om-

217 2240 288 2298 ni
339 2256 614 2298 numero
651 2235 922 2297 totidem
956 2235 1291 2306 eximeret,
1339 2248 1497 2318 quot
1540 2234 2019 2314 provinciarum
2057 2254 2199 2295 sor-

219 2334 324 2380 tes
369 2332 574 2390 erant,
620 2336 868 2402 eosque
907 2316 1136 2379 sortiri
1172 2317 1349 2378 solos
1384 2315 1662 2395 juberet.
1734 2312 1959 2375 Postea
1992 2329 2059 2377 et
2090 2314 2203 2377 hio

216 2421 360 2461 mos
397 2400 691 2472 inolevit,
737 2411 808 2459 ut
843 2398 1164 2479 ejusmodi
1197 2398 1571 2494 provincias
1617 2398 1875 2467 Caesar,
1920 2397 2026 2457 cui
2063 2398 2217 2459 veh.

213 2482 332 2555 let,
366 2482 571 2553 daret,
619 2495 684 2542 et
713 2500 902 2564 quam
934 2480 1129 2543 vellet
1159 2479 1291 2540 (liu.
1337 2482 1491 2563 quin
1524 2490 1590 2539 et
1620 2476 1945 2561 equitibus
1965 2480 2204 2539 Roma-

211 2563 321 2622 nis
355 2562 768 2645 quarumdam
794 2562 1079 2644 gentium
1123 2560 1467 2644 aliquando
1499 2558 1821 2621 commiss'a
1860 2579 2012 2621 cura
2050 2560 2200 2621 suit.

217 2644 406 2703 Haec
434 2643 638 2723 igitur
665 2655 797 2703 tum
836 2656 982 2705 sunt
1011 2640 1344 2705 constituta
1390 2643 1565 2704 circa
1607 2640 1898 2703 officium
1946 2654 2203 2702 senato-

219 2743 388 2793 rum,
423 2723 654 2804 quibus
678 2723 744 2783 in
770 2726 1208 2805 provinciales
1237 2724 1530 2807 capitalis
1559 2741 1809 2805 poenae
1834 2720 2108 2806 potestas
2135 2742 2205 2783 e-

221 2818 342 2865 rat.
389 2805 810 2865 Mittebantur
833 2806 1007 2864 enim
1025 2820 1090 2867 et
1115 2805 1224 2865 alii
1246 2804 1312 2865 in
1335 2805 1561 2887 populi
1584 2802 1845 2886 quidem
1870 2800 2206 2887 provinci-

217 2907 310 2956 as,
331 2886 566 2969 quibus
592 2884 663 2945 id,
682 2883 844 2965 juris
865 2904 995 2946 uon
1017 2886 1193 2959 effet,
1223 2905 1302 2944 ex
1328 2883 1768 2967 quaestoribus
1798 2898 1975 2945 sorte
2003 2884 2203 2958 ducti,

174 2978 180 2984 ·
217 2979 325 3027 aut
351 2968 811 3048 proconsulum
835 2967 1055 3051 legati,
1087 2984 1252 3050 quos
1273 2966 1519 3026 rectius
1550 2964 1963 3027 consiliarios
1994 2965 2071 3025 ab
2104 2986 2207 3025 ar-

222 3066 530 3129 gumento
575 3050 936 3109 vocaveris.
1022 3049 1166 3108 Hos
1205 3060 1412 3108 autem
1470 3047 1599 3109 sibi
1635 3047 1910 3131 quisque
1956 3046 2204 3131 delige·
2266 3122 2271 3125 Ι

220 3128 352 3195 bat,
399 3124 712 3211 praetorii
755 3129 1018 3211 quidem
1053 3130 1343 3211 singulos
1371 3128 1657 3211 aequalis
1694 3126 2054 3221 dignitatiS,
2100 3142 2207 3190 aut

224 3210 566 3271 inferioris
597 3210 788 3271 etiam
813 3230 835 3288 3
879 3210 1255 3273 consulares
1283 3228 1444 3275 vero
1478 3206 2015 3288 ternos'ejustlem
2046 3210 2202 3281 loci,

225 3296 404 3374 quos'
445 3292 801 3374 imperator
837 3292 1259 3375 ,probaviss'eu
1345 3290 1483 3352 Sed
1518 3303 1583 3352 et
1619 3294 1684 3349 in
1720 3290 2015 3351 Caesaris
2050 3309 2201 3373 pro·
2263 3314 2538 3385 &gau-1,

229 3373 478 3434 vincias
501 3417 518 3446 ‚
586 3373 654 3435 in
680 3372 920 3457 quibus
963 3374 1108 3455 plus
1140 3393 1262 3434 una
1299 3372 1565 3455 legione
1611 3370 1801 3442 ess’et,
1866 3386 2205 3433 senatores
2230 3388 2467 3456 gio-u..

223 3453 686 3528 mittebantur,
731 3476 898 3539 quos
935 3454 1182 3537 legatos
1227 3454 1557 3537 legionum
1611 3450 2037 3535 adpellabant.
2081 3450 2207 3517 hos

226 3532 557 3617 deligebat
591 3538 734 3619 ipse
767 3557 847 3598 ex
882 3535 1230 3620 praetoriis
1252 3536 1669 3619 plerumque:
1714 3554 2207 3617 nonnumquam

223 3614 624 3699 quaestorios
652 3620 868 3692 etiam,
913 3630 1020 3679 aut
1051 3617 1179 3679 alio
1211 3616 1571 3679 mediorum
1604 3614 1921 3680 honorum
1945 3616 2207 3679 functos

223 3696 593 3759 adhibebat.
654 3700 796 3761 Hae
831 3700 1042 3763 ferme
1084 3712 1453 3760 senatorum
1486 3696 1861 3759 functiones
1899 3712 2105 3761 eraut.

353 3804 425 3865 C.
471 3803 559 3867 At
592 3824 674 3865 ex
710 3806 1101 3888 Equitibus,
1165 3804 1278 3888 qui
1321 3824 1549 3866 eorum
1592 3803 1839 3866 tribuni
1890 3804 2206 3877 militum,

221 3898 332 3944 aut
364 3904 577 3966 nuper
601 3886 672 3945 in
707 3900 934 3948 senatu
961 3887 1242 3959 fuerant,
1290 3901 1396 3948 aut
1431 3887 1675 3969 alioqui
1712 3878 2207 3968 praestantiores
2244 3882 2271 3905 ²

227 3966 474 4027 ceteris
507 3964 932 4042 habebantur,
979 3969 1325 4057 nonnullos
1371 3970 1780 4031 moeniorum
1812 3966 2059 4031 Romae
2093 3986 2207 4029 cu·

2858 1136 2860 1187 ι

2686 1232 2717 1249 -
2858 1188 2860 1265 t

297 4118 450 4194 Cap.
485 4122 748 4185 XCVIII.
785 4123 922 4181 Dio.
963 4122 1208 4183 Sueten.
1230 4125 1374 4201 Aug.
1395 4126 1489 4185 86.
1524 4122 1661 4181 Dio.

785 4468 812 4501 ἦ
