2892 4684
2574 73 2584 103 l

628 227 787 298 450
850 225 1257 292 FREINSH.
1286 221 2132 298 SUPPLEMENTORUM
2145 235 2298 298 Lm.
2315 235 2612 301 Lxxxl.

1619 372 2644 395 -—--—---------.-...-..

316 433 394 491 U·
422 435 619 504 o.708.
785 443 1075 506 Lxxxl.
1134 443 1245 504 Sed
1288 466 1349 504 re
1382 465 1439 504 es
1479 463 1535 503 et
1571 449 1815 504 nationes
1831 445 1878 520 ‚'
1907 467 1964 506 et
2003 447 2149 506 avide
2189 446 2538 530 longinquior
2575 450 2655 530 esi

318 506 395 627 ἲν·
430 505 496 560 c·
518 509 615 627 24·
664 545 841 586 metus
858 566 875 599 ‚
922 529 1103 586 mitto.
1185 465 1484 610 ,Quidgvos
1506 523 1876 607 suburbanam
1909 527 2046 587 banc
2079 527 2306 588 Italiam
2341 533 2655 610 quieturam

286 593 503 695 „JJJ'
544 595 639 696 ,τ’
666 608 894 669 creditis
912 647 931 680 ‚
996 606 1225 690 Caesare
1267 609 1617 668 condemnato
1631 607 1661 665 ἓ
1715 607 1936 670 Scilicet
1979 629 2268 670 veteranos
2311 609 2440 671 illos
2457 655 2474 685 ‚
2534 633 2657 674 cum

258 684 263 694 ’
289 661 637 778 tyrannm
663 690 859 750 iisdem
883 692 1054 748 armis
1088 709 1143 750 et
1172 688 1461 751 ordinibus
1493 693 1554 748 in
1581 687 1800 748 coloniis
1833 689 2032 750 locatos
2047 731 2068 763 ‚
2111 690 2256 752 nihil
2283 693 2515 753 movebit
2539 715 2654 756 me·-

286 781 426 837 beri.
666 792 759 834 tus
786 770 1229 846 amittendorum,
1276 791 1512 846 tyranno
1527 771 1788 851 judicato
1817 770 2048 852 Caesare
2066 813 2085 845 ‚
2127 791 2264 852 quae
2279 773 2418 854 ficut
2447 780 2519 836 iis
2546 777 2652 836 da-

668 873 729 914 ta
760 851 828 912 ab
860 867 921 913 eo·
950 857 1191 934 praemia
1209 895 1229 927 ‚
1272 873 1437 934 quum
1475 849 1658 932 consul
1693 871 1750 910 et
1783 852 2030 913 dictator
2063 852 2250 935 populi
2280 856 2514 917 Romani
2552 859 2656 920 ba..

667 933 937 997 beretur?
986 931 1153 1017 ,Quid
1190 935 1336 1016 quod
1369 953 1556 994 eorum
1589 930 1728 1014 sunt
1759 935 1934 995 adhuc
1968 937 2030 993 in
2055 933 2194 996 urbe
2227 937 2404 996 multa
2439 939 2653 1014 millia,

668 1021 766 1100 qui
798 1015 1053 1098 promissa
1089 1016 1399 1100 exspectant
1432 1035 1490 1076 et
1523 1019 1774 1098 exigunt.
1859 1015 1954 1076 Ne
1983 1034 2258 1097 tamquam
2287 1020 2448 1080 rebus
2470 1023 2656 1082 incer-

661 1105 747 1161 ·tis
782 1097 1109 1178 ambigamus
1127 1140 1146 1171 ‚
1206 1098 1495 1157 admonere
1545 1094 1961 1176 reeenttffimum
1993 1097 2214 1178 fictum
2263 1100 2430 1180 potest
2447 1144 2466 1174 ‚
2525 1107 2654 1183 quis

424 1213 451 1228 r
668 1181 940 1242 bominum
960 1177 1149 1262 sensm
1166 1177 1249 1259 fit
1278 1198 1443 1258 atque
1471 1182 1705 1238 animus.
1789 1177 1954 1320 &eae
1965 1179 2157 1262 fierit
2183 1201 2372 1242 eorum
2397 1183 2491 1245 bac
2511 1203 2652 1266 pro..

666 1264 819 1322 xinsa
866 1279 1020 1320 noete
1065 1265 1209 1322 circa
1228 1259 1550 1341 senatorum
1590 1260 1782 1321 domus
1859 1258 2188 1343 iscursitatio
2203 1303 2222 1334 ,
2323 1263 2653 1329 lurimorum

668 1343 909 1424 querelis
940 1343 1127 1422 paullo
1158 1363 1282 1402 ante
1315 1345 1674 1422 cognovimus.
1764 1345 1966 1403 Omnes
1997 1360 2248 1423 propemo
2287 1365 2380 1404 um
2405 1346 2657 1428 adpella-

670 1428 719 1486 ti
741 1423 931 1506 sumus
950 1464 968 1496 ,
1016 1445 1071 1484 et
1106 1417 1456 1504 ampliffimus
1487 1425 1711 1504 quisque
1727 1424 2084 1505 frequentius
2115 1443 2170 1484 et
2199 1429 2479 1488 minacius.
2539 1427 2656 1487 Per

668 1505 863 1570 borum
909 1509 1088 1588 igitur
1131 1525 1229 1565 ora
1280 1504 1561 1584 oculosque
1608 1503 1945 1584 raptabimus
1986 1504 2238 1586 Caesaris
2275 1525 2470 1588 corpus
2487 1549 2504 1582 ‚
2569 1508 2654 1568 bis

671 1587 973 1667 confectum
1013 1583 1347 1647 contumeliis
1371 1628 1390 1659 ‚
1445 1583 1641 1666 quibus
1671 1585 1770 1668 fas
1813 1585 1888 1662 est
1931 1603 2294 1662 tyrannorum
2334 1593 2533 1650 vexari
2561 1611 2657 1648 re-

670 1666 915 1748 liquia53
980 1687 1035 1726 et
1077 1667 1269 1730 horum
1317 1665 1562 1726 manibus
1609 1687 1716 1728 non
1759 1667 2176 1747 discerpemur?
2241 1667 2460 1729 Scilicet
2499 1671 2659 1748 cujus

671 1749 843 1812 ductu
881 1748 1230 1830 auspiciisque
1254 1745 1620 1830 ftrocifflmas
1662 1748 1752 1808 illi
1791 1749 2109 1808 devicerunt
2145 1752 2391 1808 nationes
2411 1791 2428 1824 ‚
2495 1750 2658 1828 cujus

662 1827 923 1908 „beneficio
951 1831 1218 1912 fortunas
1246 1827 1377 1912 suas
1414 1851 1595 1890 omnes
1634 1829 1828 1891 debere
1863 1827 2222 1890 arbitrantur
2243 1873 2262 1906 ,
2321 1851 2475 1912 quem
2499 1831 2654 1914 Jem-

662 1929 771 1994 ρον
806 1915 866 1970 in
890 1913 1119 1992 summis
1151 1909 1553 1992 magistratibus
1589 1915 1934 1993 imperiisque
1968 1913 2266 1984 viderunt;
2303 1934 2424 1974 eum
2438 1913 2658 1995 summa

662 1993 941 2076 adfectum
973 1997 1265 2076 ignominia
1292 1997 1570 2075 patienter
1593 1993 1830 2076 serent?

332 2127 457 2181 Τί*
491 2125 615 2210 “¹3⁶
786 2141 1108 2202 Lxxxll.
1162 2137 1349 2224 ,Quam
1390 2139 1628 2200 urbanae
1661 2160 1833 2223 porro
1867 2139 2040 2222 plebis
2056 2184 2073 2217 ,
2130 2161 2290 2222 quam
2327 2139 2528 2201 Italiae
2563 2162 2655 2203 to-

288 2195 353 2248 δ’
368 2196 643 2319 ’τύψ’
665 2225 778 2284 tius
832 2223 1256 2304 indignationem
1296 2221 1431 2302 fhre
1484 2223 1754 2282 credimus
1773 2223 1802 2281 ?
1869 2227 2028 2282 immo
2077 2244 2236 2305 quam
2281 2221 2429 2303 apud
2473 2243 2658 2285 omnes

288 2281 426 2318 ’κη’
454 2283 558 2320 '¹⁹⁸‘
658 2323 795 2388 pene
832 2305 1073 2364 dixerim
1114 2322 1170 2362 et
1198 2303 1352 2364 Deos
1384 2323 1439 2366 et
1469 2303 1705 2364 homines
1733 2305 1998 2365 invidiam
2028 2303 2262 2382 nostram
2280 2305 2308 2362 ?
2347 2306 2470 2384 quis
2494 2307 2654 2388 igno..

660 2390 830 2446 minia
870 2405 1029 2445 tanta
1067 2403 1315 2445 notatum
1354 2405 1387 2442 a
1426 2384 1579 2444 nobis
1607 2386 1767 2468 ftret
1803 2385 1992 2466 populi
2024 2387 2258 2446 Romani
2297 2384 2452 2444 modo
2489 2391 2652 2466 prin..

660 2472 859 2548 cipem‚
908 2473 1007 2548 qui
1046 2465 1289 2544 nostrum
1328 2470 1616 2546 imperium
1655 2468 1973 2526 terminavit
2014 2477 2238 2536 oceano,·
2270 2465 2377 2546 fid
2408 2487 2463 2526 et
2493 2487 2654 2527 trans

659 2569 911 2610 oceanum
952 2554 1162 2632 ignotas
1201 2551 1359 2628 prius
1401 2545 1605 2625 adjicit
1639 2565 1828 2629 gentes
1844 2548 1872 2605 ?
1934 2545 2101 2631 ,Quae
2145 2568 2278 2607 vero
2312 2547 2657 2626 judiciorum

658 2631 966 2709 nostrorum
990 2627 1367 2710 'inaequalitas
1410 2649 1466 2688 et
1501 2647 1667 2766 quam
1707 2632 1912 2688 aeriter
1959 2627 2244 2689 notabitur
2259 2670 2277 2702 ‚
2321 2627 2381 2708 β
2413 2633 2657 2710 praemia

660 2713 1011 2773 decernamus
1050 2716 1121 2772 iis
1140 2753 1157 2783 ,
1202 2715 1298 2790 qui
1341 2710 1500 2790 consu
1527 2729 1607 2768 em
1645 2713 1708 2769 in
1747 2712 1934 2785 curia,
1967 2709 2372 2792 fhcrofhnctum
2409 2715 2469 2772 in
2493 2710 2654 2793 sacro

612 2825 637 2838 =
660 2793 812 2868 Ioco,
872 2789 1180 2874 pontificem
1236 2795 1532 2851 maximum
1579 2789 1688 2871 fieb
1743 2790 1914 2850 oculis
1963 2791 2215 2852 Deorum
2270 2791 2658 2872 confi-ceruum

660 2876 801 2936 hunc
844 2894 1089 2936 extrema
1127 2871 1524 2952 dehonestentus
1562 2873 1793 2952 infando
1815 2913 1834 2948 ,
1861 2905 1874 2916 ·
1906 2877 2000 2953 qui
2033 2890 2266 2954 propter
2309 2873 2658 2936 excellentem

660 2962 927 3018 virtutem
974 2961 1137 3016 etiam
1176 2955 1324 3037 apud
1364 2953 1533 3032 hostes
1573 2953 1807 3016 babetur
1847 2954 2173 3016 venerabilis
2191 2955 2220 3013 ἓ

353 3083 612 3166 Aueqnfs.
782 3087 1135 3150 Lxxxm.
1194 3085 1559 3170 Qapropter
1601 3089 1683 3148 ita
1725 3083 1941 3167 certseo:
2009 3083 2202 3170 Quum
2253 3085 2326 3148 C.
2375 3085 2660 3169 Caesarem

299 3149 517 3234 mmuh
547 3153 635 3204 θ’·
658 3188 763 3252 pro
808 3165 1049 3247 tyranno
1084 3169 1339 3229 damnari
1378 3189 1474 3229 nec
1499 3171 1602 3251 fas
1627 3167 1710 3252 fit
1733 3211 1750 3241 ,
1803 3189 1897 3229 nec
1939 3187 1969 3227 e
2008 3163 2283 3248 republica
2304 3212 2324 3243 ‚
2386 3189 2514 3228 rata
2556 3167 2658 3248 effi

286 3235 501 3344 'zzz-:⁸3³
520 3235 638 3274 ‘'¹''
660 3269 783 3312 acta
824 3251 943 3330 ejus
984 3271 1038 3311 et
1080 3249 1325 3331 consulta
1358 3255 1570 3311 omnia.-
1619 3250 2108 3332 interfectoresque
2133 3249 2504 3310 incolumitate
2529 3270 2662 3310 con-

482 3325 501 3343 ⁰
662 3353 840 3394 tentos
874 3329 973 3412 effe
992 3375 1009 3405 ‚
1050 3335 1376 3415 gratiasque
1412 3331 1578 3410 hujus
1620 3332 1930 3392 clementiae
1971 3336 2182 3390 nomine
2219 3329 2412 3390 habere
2445 3349 2500 3390 et
2530 3351 2562 3390 a
2600 3353 2659 3390 e-

660 3435 722 3474 re
731 3414 953 3496 finatui
968 3435 984 3472 .·
1028 3413 1242 3495 quando
1281 3414 1460 3472 uidem
1473 3412 1644 3494 ‘st'rnul
1666 3413 1890 3476 laudari
1899 3411 2118 3496 factum
2137 3407 2342 3486 eorum,
2365 3351 2599 3493 fimulb
2631 3450 2660 3468 .-

661 3498 788 3555 nori
815 3495 1064 3574 Caesaris
1094 3435 1298 3577 con-subi
1330 3515 1437 3555 non
1457 3495 1646 3576 potest.
1689 3496 1838 3554 Haec
1863 3514 1970 3553 una
1995 3491 2068 3569 est
2095 3497 2298 3574 optima
2318 3494 2656 3569 concordiae,

660 3595 819 3658 quam
842 3596 1019 3636 omnes
1042 3593 1311 3656 optamus,
1347 3581 1457 3636 via.
1503 3573 1584 3655 fic
1607 3597 1661 3634 et
1683 3594 1969 3634 veteranos
1997 3595 2163 3647 metu,
2205 3592 2260 3633 et
2281 3573 2659 3652 sollicitudine

658 3662 933 3718 civitatem
962 3656 1333 3718 liberabimus.
1426 3662 1497 3719 In
1535 3657 1826 3718 camdem
1863 3655 2073 3718 ferme
2113 3657 2499 3718 sententiam
2527 3677 2662 3717 mo-

660 3759 823 3823 gnus
865 3754 1086 3800 orator
1113 3736 1441 3801 Munatius
1470 3741 1775 3810 Plancus,
1821 3739 2051 3800 consul
2085 3737 2483 3820 designatus,
2526 3737 2666 3800 dis-

662 3823 905 3910 serujte
954 3819 1303 3904 nisi-quod
1346 3841 1471 3910 pro
1513 3820 2001 3908 percuss'oribus
2042 3821 2261 3910 paullo
2298 3819 2659 3884 liberalium

662 4059 1219 4190 ῈὲιῗρὲοωὲΧΧΙΠ.
1256 4056 1383 4117 Cio.
1415 4057 1570 4118 Phil.
1597 4061 1647 4130 i,
1671 4077 1724 4119 ι.
1759 4069 1818 4116 et
1853 4060 1939 4120 13.
1973 4059 2133 4120 Plut.
2167 4059 2384 4117 Bruto.
2419 4053 2546 4116 Cio.
2581 4055 2666 4116 ad

811 4167 827 4191 .
926 4169 943 4200 ‚
1013 4167 1031 4187 .
1148 4174 1157 4184 .
