2892 4684
486 360 507 391 Χ

484 480 609 533 709·

298 466 365 519 U.
402 481 453 518 e.

293 534 367 589 A.
404 533 472 589 C.
508 534 597 600 43.

298 760 399 826 Qus
426 776 601 829 mm

630 256 749 333 340
806 249 2056 353 FRE1NSH.SUPrLEMENTonUM
2079 250 2568 315 L1a.1.xxxv.
2669 213 2672 222 ’

618 454 803 521 'saris
826 502 841 531 ,
887 460 1099 541 legem
1136 458 1283 519 tulit
1324 457 1404 519 tle
1439 456 1805 540 quaestione
1837 457 2130 521 habenda
2165 458 2232 519 in
2261 480 2400 533 eos,
2445 478 2610 543 quo·
2711 496 2718 501 -

640 563 779 603 rum
820 544 1071 603 scelere
1104 555 1289 622 patet·
1316 540 1573 600 occisus
1612 540 1802 601 ess'et:
1851 561 2037 625 quam
2070 540 2152 603 de
2182 542 2444 603 nomine
2470 541 2610 603 col-

638 624 823 705 legae
856 622 1119 684 Pediam
1161 620 1382 681 maluit
1420 620 1758 704 adpellari.
2473 628 2494 645 ⁵

758 754 871 813 IV.
914 752 1051 815 Hac
1090 748 1383 849 postulati
1424 764 1572 813 sunt
1607 772 1736 812 non
1775 754 2180 835 percuss'ores
2219 752 2446 827 modo,
2493 750 2614 815 sed

265 828 614 882 damnantur.
640 846 705 893 et
744 836 854 917 qui
892 833 1139 895 conscii
1178 833 1363 893 suiss‘e
1398 824 1822 895 consiliorum
1859 833 2268 913 dicerentur-3
2313 836 2614 897 absentes

278 2718 613 2843 ῗὲἕῦτυεω
656 2766 887 2806 annum
946 2745 1407 2829 supervivere,
1483 2746 1598 2830 qui
1655 2746 1944 2829 collegae
1999 2744 2426 2830 magistratum
2481 2748 2631 2811 abs·

245 3042 279 3106 Χ

638 918 975 999 plerique,
1022 914 1312 975 nonnulli
1356 929 1421 975 et
1457 915 1784 986 insontes,
1825 916 1940 997 qui
1981 936 2104 979 nec
2134 916 2423 979 insidiati
2455 918 2616 978 Cae·

639 998 767 1057 sari
795 1039 811 1068 ,
873 1014 995 1072 nec
1034 996 1297 1056 omnino
1336 1016 1415 1056 eo
1456 1009 1748 1079 tempore
1785 998 2028 1070 versati
2055 1000 2297 1061 Romae
2333 998 2612 1059 fuerant.

566 1102 572 1107 ·
638 1078 773 1139 Hac
820 1075 1047 1143 fraude
1089 1075 1437 1168 praecipue
1477 1078 1624 1138 Sex.
1656 1078 2005 1219 Pomgejus
2049 1079 2425 1163 petebatur,
2489 1078 2616 1139 hoc

632 1158 905 1219 crimine
936 1158 1105 1218 haud
1138 1156 1333 1217 dubie
1357 1160 1699 1235 ninoxius3
1747 1179 1816 1221 se

1893 1180 2082 1242 quem
2099 1160 2614 1255 quolibet-prae·

632 1252 809 1301 textu
860 1238 1005 1301 tolli
1054 1238 1454 1301 Julianarum
1509 1238 1784 1320 partium
1845 1240 2195 1303 interesset.
2297 1244 2452 1303 Reus
2497 1236 2618 1302 hac

630 1322 782 1403 lege
822 1321 1148 1381 universis
1186 1338 1309 1379 una
1348 1320 1689 1402 praeconis
1729 1320 2226 1384 denunciatione
2265 1323 2434 1385 dicta
2469 1322 2612 1383 dies

633 1404 759 1473 est,
804 1402 1252 1484 damnatique,
1298 1400 1706 1483 inspectante
1745 1404 2068 1475 Caesare,
2118 1403 2198 1465 ad
2241 1424 2434 1465 unum
2480 1424 2616 1464 orn·

632 1506 788 1553 nes,
851 1484 1151 1545 absentes
1204 1483 1543 1565 plerique,
1606 1484 1860 1545 nemine
1906 1483 2186 1562 judicum
2238 1484 2616 1546 absolvente

636 1586 1057 1648 quemquam,
1103 1583 1233 1623 uno
1273 1578 1638 1624 senatorum
1679 1579 1993 1648 excepto,
2037 1569 2112 1625 P.
2149 1566 2379 1642 Siqilio
2413 1568 2619 1629 Coro-

634 1662 821 1717 nate,
886 1646 997 1727 qui
1035 1650 1124 1707 M.
1160 1648 1426 1705 Brutum
1475 1645 1754 1721 ¹absolvit
1795 1647 2036 1729 palam:
2095 1648 2276 1725 cuius
2329 1648 2428 1709 rei
2479 1648 2622 1709 ‹lis-

634 1727 928 1823 sitnulata
986 1728 1245 1789 interim
1296 1726 1393 1789 ira
1444 1746 1593 1789 mox
1639 1726 2125 1811 proscriptione
2177 1728 2459 1791 hominis
2503 1752 2632 1813 pa·-

636 1822 780 1871 tuit.
1100 1816 1115 1832 ⁸

759 1932 843 1994 V.
888 1933 965 1993 P.
998 1932 1317 1995 Servilius
1342 1934 1539 1995 Casca
1564 1976 1580 2006 ,
1629 1932 1740 2016 qui
1769 1932 2046 2017 primum
2072 1934 2271 1994 ictum
2296 1930 2620 1995 inflixerat

642 2013 942 2085 Caesari,
989 2014 1379 2075 tribunatum
1414 2014 1628 2097 plebis
1669 2034 1746 2075 eo
1783 2034 1951 2074 anno
1985 2015 2254 2099 gerebat
2277 2058 2293 2089 ,
2335 2018 2619 2099 patiente
2667 2046 2694 2067 ι

642 2092 1001 2157 Octaviano
1023 2136 1040 2167 ,
1087 2096 1197 2177 qui
1234 2106 1365 2156 tum
1405 2095 1610 2157 adhuc
1646 2094 1862 2157 odium
1900 2096 1966 2155 in
2003 2096 2409 2179 percuss'ores
2441 2110 2622 2178 tege-

534 2174 551 2189 *
644 2176 775 2237 hat.
859 2178 956 2247 Is,
1001 2194 1215 2259 neque
1246 2177 1646 2238 adolescenti
1685 2174 1888 2238 fidens
1911 2217 1928 2248 ,
1977 2192 2040 2238 et
2072 2177 2423 2261 effiagitatus
2456 2200 2488 2237 a
2515 2179 2625 2239 Ci-

642 2276 925 2329 cerone,
999 2258 1149 2339 (qui
1198 2262 1530 2336 parricidam
1570 2258 1894 2340 adpellare
1937 2259 2364 2330 sustinuerat,
2431 2278 2626 2343 quum

646 2338 879 2399 eodem
920 2352 1215 2421 tempore
1252 2360 1372 2421 pro
1411 2342 1618 2401 salute
1660 2340 2097 2421 perculsorum
2124 2381 2141 2411 ‚
2205 2340 2438 2423 quibus
2487 2350 2630 2401 erat

648 2420 1093 2491 amiciffimus,
1142 2420 1480 2482 Caesarem
1519 2444 1640 2503 per
1675 2420 1969 2503 epistolas
2007 2420 2310 2502 rogass'et)
2353 2442 2476 2482 non
2513 2442 2628 2482 ex-

336 2498 579 2569 collegle
652 2513 945 2583 spectato
982 2501 1275 2563 Caesaris
1320 2500 1634 2573 adventu,
1702 2508 1900 2562 ‚Roma
1951 2504 2352 2585 profugerat.
2435 2504 2630 2563 Hunc

270 2570 625 2705 tgffffgffm
652 2587 727 2643 P.
753 2583 969 2643 Titius
1006 2582 1291 2664 collega,
1337 2580 1698 2663 magistratu
1737 2582 2072 2665 abrogato,
2117 2604 2298 2644 reum
2335 2585 2628 2668 peregit3

656 2678 721 2725 ct
756 2677 902 2723 ante
936 2684 1167 2724 annum
1202 2676 1494 2725 mortuus
1533 2661 1810 2725 firmavit
1846 2664 2240 2746 opinionem,
2284 2688 2410 2726 non
2448 2666 2628 2749 poss'e

654 2827 914 2889 tuliffet.

782 2950 890 3013 VI.
950 2954 1086 3011 Nec
1139 2948 1435 3013 dimmile
1486 2950 1564 3045 Q.
1613 2950 1806 3015 Gallii
1859 2950 2181 3035 praetoris
2232 2951 2430 3014 fatum
2480 2952 2627 3029 fuit,

663 3032 844 3111 cujus
882 3052 1081 3115 opera
1124 3046 1251 3091 tum
1286 3036 1490 3095 Bruto
1535 3048 1726 3118 atque
1765 3034 1968 3096 Cass'io
2009 3034 2379 3117 abrogatum
2425 3034 2632 3119 impe-

658 3115 832 3177 rium
871 3128 1029 3175 erat.
1128 3112 1379 3175 Idcirco
1420 3116 1818 3197 provinciam
1856 3114 2139 3180 Africam
2175 3117 2446 3199 praemii
2483 3116 2632 3179 loco

666 3210 890 3257 nactus
942 3218 975 3254 a
1024 3196 1332 3268 Caesare,
1396 3196 1612 3279 paullo
1663 3195 1796 3279 post
1845 3196 2308 3261 miserabiliter
2359 3198 2631 3261 interiit.

660 3276 878 3359 Quum
909 3278 1117 3350 enim,
1162 3278 1516 3360 pugillares
1554 3277 1846 3363 duplices
1879 3274 2046 3339 vesse
2073 3294 2324 3363 tegens,
2370 3280 2444 3341 ad
2475 3284 2635 3343 Cae-

669 3378 879 3420 sarem
928 3358 1322 3420 salutandum
1360 3359 1711 3433 intro‘fss'et,
1777 3360 2210 3444 suspicionem
2258 3363 2462 3425 movit
2501 3364 2636 3445 gla-

670 3440 847 3500 dium
888 3460 1121 3502 oczun.
1206 3444 1341 3503 Nec
1383 3463 1574 3503 ausus
1611 3439 1808 3501 statim
1851 3442 2184 3526 inquirere
2222 3446 2490 3520 Caesar,
2550 3465 2635 3506 ne

666 3520 828 3604 quid
865 3520 1037 3581 aliud
1076 3521 1510 3592 inveniretur,
1551 3524 1766 3617 paullo
1807 3522 1942 3607 post
1977 3544 2014 3585 e
2047 3526 2352 3585 tribunali
2388 3540 2642 3609 raptum

664 3604 975 3664 servilem
1016 3604 1081 3663 in
1114 3602 1373 3665 modum
1413 3616 1640 3677 torsit,
1682 3618 2152 3690 negantemque
2187 3606 2372 3688 juffit‘
2399 3606 2636 3683 occidi,
2727 3617 2732 3620 ’

742 3794 885 3865 Cap.
930 3794 1035 3849 111.
1079 3792 1220 3846 Dio.
1270 3790 1525 3863 Appiana.
1579 3793 1731 3847 Vell.
1767 3812 1832 3855 2,
1873 3794 1962 3860 60.
2047 3794 2195 3877 Gap.
2226 3794 2329 3849 IV.
2387 3783 2634 3852 Sueton-

668 3862 809 3919 Ner.
828 3866 882 3919 3.
920 3864 1071 3917 Plut.
1111 3862 1277 3915 Caes.
1318 3861 1566 3932 Appian-
1591 3872 1649 3915 et
1666 3860 1802 3917 Dio.
1837 3862 1976 3915 Dio.
2013 3862 2264 3935 Appian.
2303 3863 2440 3919 Dio.
2479 3866 2638 3921 Plut.

670 3934 877 3987 Bruto.
916 3932 1166 4005 Appiam
1196 3940 1253 3984 et
1278 3930 1415 3984 Dio.
1489 3932 1633 4001 Cap.
1671 3934 1742 3983 V.
1799 3930 1988 4002 Supra
2022 3934 2147 3997 126,
2172 3934 2260 3999 57.
2311 3933 2448 3987 Dio.
2503 3933 2633 3989 cic.

670 4000 745 4055 ud
772 4002 890 4055 Att.
918 4006 999 4069 ιδ,
1028 4005 1107 4055 ¹5.
1148 4010 1205 4055 et
1234 4000 1381 4057 Phil.
1412 4001 1491 4065 13,
1517 4002 1600 4057 15.
1635 3998 1770 4053 Dio.
1805 4001 1937 4055 Cic.
1969 3996 2044 4053 ad
2067 4002 2233 4055 Brut.
2267 4020 2312 4065 ι,
2344 4020 2428 4067 ι·7.
2459 4013 2516 4056 et
2545 4007 2634 4059 ιθ.

668 4068 806 4141 Dio.
853 4072 977 4127 030.
1014 4070 1091 4124 ad
1120 4074 1275 4123 Fam.
1310 4088 1393 4135 ιο,
1430 4087 1514 4123 12.
1589 4066 1732 4139 Cap.
1766 4072 1804 4123 W
1821 4070 1868 4123 1.
1922 4069 2055 4123 Dio.
2101 4068 2216 4125 Jul.
2251 4070 2471 4146 Obseq.
2511 4070 2634 4145 Ap·

666 4139 829 4211 plan.
864 4138 979 4203 Μ.
1010 4138 1231 4215 Obseq.
1266 4134 1522 4212 Appiam
1563 4137 1807 4197 Sueten.
1844 4138 1994 4214 Aug.
2022 4154 2110 4210 27·
