2892 4684
634 322 683 390 ’4
696 314 768 375 ι8
808 310 2054 377 ΕΒΕῙΝΒΗΒΠΡΡΒΕΜΕΝΤΟΒΠΜ
2067 310 2640 405 ΒᾳεῶΧΧΧῩῙῙΙ.

309 516 379 573 U.
413 538 607 588 cayno·
651 524 898 605 templis,
946 525 1209 605 itt-foro,
1251 530 1311 585 in
1342 527 1530 589 curia:
1587 542 1640 583 et
1662 564 1679 595 ‚
1767 542 1835 581 uo
1873 522 2010 584 nihil
2043 524 2213 603 potest
2245 524 2346 605 effi·
2379 524 2628 602 tristius,

314 590 391 643 Δ·
414 590 482 645 C·
508 594 601 659 4²·
650 627 679 668 e
710 606 938 665 latebris
970 626 1278 680 eruuntur,
1322 628 1353 665 a
1382 606 1632 679 libertis,
1678 625 1711 661 a
1761 603 1958 678 iberis,
2001 606 2068 667 ab
2097 606 2364 667 uxoribus
2393 608 2629 687 proditi.

658 688 838 747 Tanta
873 692 1131 753 nimirum
1163 693 1249 749 vis
1269 688 1534 771 fielerum
1569 688 1758 747 edictis
1793 686 1986 745 horum
2019 692 2442 747 triumvirorum
2471 690 2627 766 inest,

642 790 709 831 ut
752 768 835 828 his
858 791 977 829 »non
1012 771 1165 829 modo
1200 770 1371 844 slatus
1410 772 1683 841 civitatis,
1731 767 1838 849 fid
1869 772 2034 827 etiam
2069 789 2243 829 mores
2277 770 2510 851 publici,
2573 791 2629 832 et

628 852 731 933 fiis
803 855 1009 911 entium
1028 892 1044 923 ‚
1091 874 1147 911 et
1182 870 1411 911 naturae
1427 850 1574 928 jura
1609 848 2008 911 convellantur.
2103 850 2300 909 Urbem
2335 852 2562 911 Romam
2595 874 2629 911 a

647 932 761 992 Gal
784 938 829 991 is
877 929 976 1011 effi·
1022 952 1229 1013 captam
1251 976 1269 1004 ‚
1330 952 1486 993 vetus
1535 934 1788 990 memoria
1835 932 2120 1009 prodidit,·
2173 932 2310 1011 jera
2355 953 2519 1013 gente
2572 954 2630 992 et

642 1012 830 1095 asera
851 1055 868 1086 ,
914 1018 1034 1093 quis
1069 1015 1270 1097 neget?
1300 1013 1404 1094 fi’d
1448 1032 1559 1072 tam
1602 1011 1820 1071 crudele
1858 1028 2234 1091 perpetratum
2275 1014 2339 1073 ab
2372 1015 2452 1073 his
2491 1015 2633 1075 nibil

644 1032 753 1174 ess,
798 1094 942 1174 quod
961 1136 978 1167 ,
1022 1114 1139 1155 cum
1178 1094 1549 1177 praesentibus
1583 1092 1871 1165 collatum,
1920 1113 2025 1153 non
2051 1092 2209 1171 poffit
2239 1116 2387 1153 mera
2414 1096 2627 1175 miseri..

642 1177 832 1239 cordia
870 1197 925 1235 et
962 1176 1307 1257 mansuetudo
1344 1176 1547 1236 videri.
1641 1174 2007 1253 Tarquinium
2040 1182 2119 1235 ita
2153 1176 2395 1249 odimus,
2443 1197 2506 1236 ut
2536 1183 2627 1238 in-

546 1252 558 1271 ⁰
645 1259 713 1319 de
752 1278 927 1340 regem
963 1257 1233 1337 adpellari
1268 1257 1610 1315 maledictum
1637 1254 1902 1315 habeatur
1929 1254 2058 1383 lon‘}
2111 1256 2625 1339 quidem-acerl›iffi,-

646 1360 815 1400 mum.
912 1340 1020 1400 Sed
1044 1340 1179 1419 quid
1207 1338 1315 1397 tale
1343 1336 1642 1418 delt‘gnavit
1673 1336 2007 1417 Tarquinius
2026 1384 2038 1397 .
2110 1346 2264 1419 que'm
2291 1360 2356 1399 ne
2381 1340 2447 1399 ob
2463 1341 2628 1421 suum

646 1420 863 1501 quidem
884 1462 902 1493 ‚
948 1420 1051 1501 fid
1084 1415 1231 1497 filii,
1293 1420 1551 1478 delictum
1589 1418 1920 1496 expulerunt
1957 1421 2187 1497 majores
2221 1422 2420 1499 nostri,
2459 1422 2632 1501 οΙὺηιιὶ

647 1508 709 1561 in
747 1520 1067 1583 perpetuum
1099 1500 1318 1581 sublata
1364 1520 1550 1579 regum
1594 1497 1851 1579 potestate
1897 1518 1952 1557 et
1995 1506 2224 1562 nornine.
2321 1504 2406 1563 Hi
2452 1508 2630 1584 igitur

649 1602 789 1655 tres,
832 1604 941 1643 non
975 1582 1287 1662 Tarquinii,
1321 1580 1423 1663 Jed
1455 1586 1631 1641 omnia
1659 1578 1839 1656 tristia
1865 1585 2076 1640 nomina
2093 1582 2393 1663 sceleribus
2421 1606 2475 1644 et
2497 1606 2632 1646 cru-

648 1664 877 1723 delitate
920 1662 1237 1745 transgreffi
1261 1706 1279 1736 ‚
1324 1684 1419 1722 nos
1461 1666 1652 1743 impios
1691 1680 1917 1724 vocant:
1979 1667 2141 1723 etiam
2177 1669 2236 1725 in
2270 1686 2329 1725 eo
2345 1666 2626 1748 facinore,

648 1747 793 1829 quod
819 1767 985 1806 unum
1015 1742 1165 1806 nobis
1192 1743 1449 1824 objiciunt
1475 1785 1494 1817 ,
1539 1741 1777 1825 improbe
1815 1744 2107 1805 mendaces.

322 1848 442 1903 Non
458 1848 605 1931 ”¹219
770 1853 942 1914 XIX.
988 1852 1233 1933 Propter
1280 1846 1530 1931 Caesaris
1577 1849 1789 1909 caedem
1831 1849 2158 1931 proscriptos
2188 1850 2416 1933 firunt.
2508 1854 2628 1913 Hoc

270 1936 605 2003 percussori:
648 1930 696 2009 [ἰ
718 1956 909 1994 verum
948 1934 1049 2011 est,
1109 1954 1209 1993 cur
1246 1938 1422 2014 igitur
1447 1930 1596 2013 fhcti
1630 1931 1749 2008 ‹y'us
1783 1930 2058 2011 exfhrtes,
2121 1930 2325 2010 consilii
2369 1940 2620 2018 ignaros,

272 1989 625 2121 5352223‘5
650 2020 809 2076 etiam
828 2057 847 2087 ‚
894 2035 1056 2097 quum
1085 2014 1209 2075 baec
1238 2018 1413 2073 omitia
1438 2030 1802 2095 gererentur,
1845 2010 2083 2093 absentes
2114 2014 2344 2095 aliquos,
2389 2016 2622 2097 profi-ri-

268 2128 364 2177 ’,ὁ
380 2091 622 2178 omnibu}
646 2096 921 2178 pserunt?
980 2095 1174 2177 Neque
1210 2116 1340 2156 vero
1370 2094 1465 2154 hoc
1495 2094 1776 2175 obscurum
1807 2094 1914 2171 est,
1957 2114 2014 2154 et
2047 2116 2229 2155 coram
2261 2097 2434 2177 adesse
2463 2119 2625 2178 quos-

272 2194 445 2246 bonis.
647 2180 771 2239 dam
814 2181 1039 2237 cernitis
1060 2214 1085 2249 5
1151 2176 1343 2257 quibus
1382 2175 1739 2256 Caesarianae
1791 2182 1932 2236 necis
1977 2180 2180 2237 crimen
2221 2181 2447 2261 impingi
2499 2178 2632 2238 stul-

297 2284 347 2299 ⁴·
645 2261 699 2319 lo
742 2278 897 2339 pacto
948 2262 1164 2339 potuit:
1211 2256 1313 2339 sed
1362 2254 1491 2317 illos
1543 2254 1824 2335 manifesto
1870 2267 2056 2319 virtus
2091 2257 2196 2338 fita
2216 2299 2233 2332 ,
2297 2279 2393 2319 aut
2430 2248 2629 2319 nobili-

646 2361 733 2403 tas
752 2380 769 2413 ‚
814 2358 913 2399 aut
950 2343 1111 2399 etiam
1148 2342 1379 2401 divitiae
1446 2338 1862 2420 roscripfirunt.
1945 2338 2112 2423 Qid
2139 2360 2270 2399 vero
2301 2342 2426 2403 Sex.
2463 2344 2627 2401 Pom-

642 2424 799 2503 pejus
834 2425 1054 2493 meruit,
1100 2422 1245 2503 quod
1273 2356 1612 2501 prosbyriptus
1641 2418 1757 2498 est?
1802 2441 1872 2480 an
1905 2441 1961 2479 et
1993 2421 2088 2481 ille
2117 2423 2396 2502 interfecit
2429 2422 2625 2503 Caesi!-

642 2502 797 2562 rem?
842 2507 936 2581 'qui
977 2522 1091 2563 toto
1126 2502 1223 2563 illo
1260 2520 1532 2581 tempore,
1579 2520 1682 2580 qno
1721 2522 1828 2561 non
1862 2519 2143 2579 patratum
2177 2504 2329 2561 modo
2348 2544 2364 2575 ,
2397 2502 2502 2585 sed
2539 2522 2625 2563 et-

643 2588 749 2645 iam
777 2582 1087 2665 susceptum
1122 2586 1533 2665 incogitatum,
1599 2582 1672 2658 est
1711 2580 2086 2661 nobiliffimum
2110 2585 2371 2664 facinus,
2415 2590 2474 2645 in
2517 2584 2628 2643 Hi-

626 2666 825 2749 spania
850 2666 997 2745 fitit.
1084 2666 1297 2727 Scilicet
1333 2664 1565 2723 tollendi
1595 2682 1786 2737 erant,
1833 2686 1938 2724 non
1971 2671 2066 2745 qui
2093 2666 2400 2726 occiderant
2433 2666 2630 2749 Caesa·

642 2763 757 2806 rem
790 2748 943 2806 modo
964 2788 981 2822 ‚
1015 2745 1118 2828 fid
1150 2750 1243 2828 qui
1284 2768 1341 2805 eo
1376 2751 1591 2818 animo,
1632 2745 1716 2805 his
1749 2747 2050 2824 majoribus
2081 2746 2282 2827 essent,
2332 2768 2398 2807 ut
2431 2753 2630 2808 timen-

640 2831 703 2890 di
738 2827 986 2907 Caesaris
1028 2830 1441 2889 dominationem
1491 2826 1826 2908 cupientibus
1862 2830 2208 2890 viderentur.
2295 2829 2461 2911 ,Quid
2499 2850 2632 2889 vero

648 2908 931 2983 mulieres,
978 2930 1207 2991 quarum
1244 2908 1550 2989 proscripta
1585 2908 1722 2969 bona
1743 2911 1928 2990 sunt?
1971 2932 2042 2970 an
2071 2932 2128 2971 et
2157 2908 2287 2970 illae
2316 2912 2630 2971 occiderunt

638 2985 984 3071 Caesarem?
1026 2992 1160 3075 quid
1196 3012 1377 3051 autem
1416 2990 1691 3071 populus?
1733 2996 1827 3071 qui
1859 2992 1935 3053 ad
1963 2989 2332 3073 profitendum
2363 2996 2630 3073 patrimi)-

649 3070 729 3133 nii
777 3078 924 3132 vires
963 3092 1017 3133 et
1052 3072 1428 3152 pendendum,
1491 3072 1758 3153 quidquid
1797 3074 1925 3134 inde
1964 3074 2283 3155 tribusviris
2315 3073 2634 3135 collubitum

552 3158 561 3165 '
650 3156 722 3233 est
742 3196 761 3228 ‚
807 3154 1072 3233 adigitur.
1164 3152 1311 3212 Haec
1344 3158 1484 3213 enim
1521 3176 1662 3214 nunc
1694 3156 1878 3235 populi
1909 3156 2135 3217 libertas
2166 3155 2240 3233 est
2270 3156 2489 3219 Romae.

311 3255 448 3309 1¹l⁰5
460 3264 627 3308 “¹¹¹¹‘ss
724 3326 731 3334 ,
778 3258 921 3322 XX.
970 3260 1091 3319 Nec
1124 3255 1221 3317 illo
1257 3279 1435 3319 tamen
1471 3264 1631 3339 etiam
1671 3282 1782 3319 tam
1810 3266 1983 3320 atroci
2013 3282 2068 3324 et
2098 3265 2260 3341 impio
2290 3260 2634 3343 vaframento

277 3340 422 3407 ‘gfff‘
455 3342 604 3445 1)*ῧῖ
652 3346 767 3419 mai
804 3346 1023 3421 pecunia
1057 3342 1259 3420 potest,
1320 3362 1455 3422 quae
1505 3342 1738 3401 militum
1783 3344 2040 3403 datativo
2068 3342 2330 3423 sufficiat.
2421 3344 2489 3403 In
2525 3362 2632 3424 quo
2697 3369 2703 3375 ·

276 3408 499 3513 3227?
529 3408 563 3444 α
603 3420 624 3433 ’
651 3414 761 3491 iv‘lc'»
800 3443 990 3505 magna
1026 3440 1081 3482 et
1116 3422 1392 3500 conspicua
1430 3429 1516 3483 vis
1550 3426 1728 3484 divini
1761 3428 1996 3483 numinis
2026 3426 2194 3505 inest:
2247 3444 2314 3481 ut
2333 3466 2348 3493 ,
2392 3429 2488 3505 qui
2515 3446 2632 3484 om-

474 3496 491 3517 ⁰
650 3508 741 3569 nia
769 3502 1145 3584 improbtffime
1164 3502 1622 3584 crudelills'meque
1634 3508 1897 3585 jecerunt
1915 3511 2167 3585 pecuniae
2186 3504 2376 3586 cauffo,
2411 3526 2600 3587 egeant
2611 3530 2635 3579 ,-

650 3611 779 3659 πω,
829 3584 1020 3663 quibus
1053 3586 1299 3645 omnibus
1339 3591 1399 3645 in
1438 3588 1596 3645 rebus
1626 3586 1852 3665 justitia
1896 3606 1952 3646 et
1993 3586 2297 3649 liberalitas
2331 3587 2634 3669 propositae

636 3670 905 3752 ficerunt,
948 3667 1298 3726 abundemus.
1391 3667 1536 3725 Nam
1565 3689 1619 3727 et
1643 3666 1896 3747 promissa
1923 3667 2074 3730 vobis
2101 3668 2443 3749 exsolvimus,
2485 3691 2631 3729 com-

650 3750 921 3809 militones
941 3791 958 3820 ‚
1005 3771 1060 3809 et
1079 3789 1096 3818 ‚
1139 3746 1284 3807 unde
1318 3752 1696 3823 promittamus
1729 3750 1980 3829 nunptios,
2026 3756 2088 3811 in
2119 3772 2278 3812 manu
2311 3752 2491 3830 nostra
2522 3751 2632 3831 est:

638 3828 744 3913 ftd
778 3851 867 3903 et,
914 3854 971 3888 eo
1007 3828 1231 3911 expenso
1252 3872 1267 3895 ..
1299 3831 1425 3909 jam
1453 3828 1732 3910 sequentia
1762 3836 1820 3891 in
1857 3850 2100 3913 tempora
2123 3834 2435 3916 provisum„

316 3928 631 4015 qtqriffl‘mis
776 3936 947 3998 xxl.
1000 3938 1256 3999 Ceterum
1274 3975 1292 4010 ‚
1334 3956 1399 3995 ut
1430 3958 1500 3995 ex
1533 3936 1627 3995 hoc
1643 3937 1847 4017 favore
1873 3938 2120 3998 Deorum
2151 3958 2318 4019 aequa
2345 3938 2495 3999 vobis
2523 3960 2630 3999 nu-

280 4016 424 4057 ΜΗ*
460 4018 613 4053 suam
654 4018 799 4077 mina
838 4019 1051 4099 potestis
1092 4023 1458 4109 interpretari
1473 4058 1490 4090 ,
1538 4022 1620 4076 ito
1652 4038 1722 4077 ex
1752 4022 1942 4099 optimi
1976 4020 2230 4102 cujusque
2248 4021 2467 4099 judicio
2497 4040 2632 4101 per-

276 4072 624 4195 assqz'ss'ff
642 4098 858 4183 spicitis
910 4099 1115 4179 cattffite
1162 4100 1371 4175 nostrae
1422 4101 1767 4181 aequitatem.
1852 4100 1986 4184 ‚Qua
2027 4107 2170 4162 enim
2207 4100 2317 4162 alia
2359 4123 2422 4162 re
2457 4102 2515 4162 bi
2554 4104 2632 4162 ad

272 4210 456 4277 vique,
653 4202 749 4243 nos
764 4220 783 4257 ,
844 4186 1124 4264 tamquam
1148 4178 1367 4262 ⁴{acreum
1414 4201 1670 4269 ancoram
1691 4216 1710 4255 5
1764 4184 2128 4267 confhgerunt
2161 4188 2277 4246 viri
2313 4180 2592 4263 clamffimi
2607 4222 2630 4260 ,
