2892 4684
154 1419 163 1433 ο
266 1355 419 1422 gesti·

636 304 1211 409 4062FRE1NSH.
1237 282 2079 405 surPLEMEN'Tomm
2094 296 2245 359 Lm.
2260 266 2653 359 Lxx'xvn.

312 516 597 584 Ure-710·
642 518 717 590 sti
757 514 898 603 pari
934 537 1076 581 cum
1117 515 1202 576 iis
1243 515 1419 576 cultu
1457 514 1653 575 multa
1691 524 2159 596 peccaverant,
2207 507 2646 591 comprehen-

305 588 378 648 Α·
406 587 471 647 0·
504 592 595 661 4²·
646 624 759 665 sos
792 599 1106 684 suspendi
1139 596 1339 677 juffit,
1416 600 1488 658 In
1526 597 1640 657 illa
1674 596 1957 661 colluvie
1993 614 2238 664 rerum,
2292 592 2485 673 virgo
2505 592 2648 651 Ve-

644 684 816 749 stalis
855 680 1163 768 quaedam
1188 721 1205 747 ,
1272 676 1390 739 sub
1432 690 1692 740 noctem
1727 698 1764 739 a
1796 696 1999 739 coena
2033 674 2300 738 rediens
2339 673 2600 736 domum
2621 716 2643 747 ‚

644 786 841 851 quum
863 807 880 837 ‚
928 783 1092 852 quae
1128 760 1319 831 ess'et,
1366 761 1825 855 ignoraretur,
1869 758 2003 820 vim
2020 758 2198 900 ¹pall'a
2226 756 2463 817 fuerat.
2540 757 2650 817 Ex

640 848 763 909 hac
798 846 991 908 unius
1023 842 1293 909 Vestalis
1332 842 1572 923 injuria
1611 842 1944 926 quaesitus
1979 861 2014 900 e
2105 836 2478 900 sacerdotio
2509 838 2650 921 ipsi

638 929 851 991 honos
887 946 959 989 ac
1038 924 1428 996 raesidium,
1478 924 1822 1012 datumque
1861 919 2224 991 Vestalibus
2247 963 2263 996 ,
2310 933 2382 985 ut
2419 919 2651 1003 singu-

640 1010 727 1075 lis
768 1008 992 1077 lictori
1040 1030 1117 1071 us
1160 1019 1525 1071 uterentur.

320 1146 518 1201 15Ιυίκί
532 1147 623 1201 tu.
768 1144 845 1212 L.
890 1145 1069 1213 Inter
1094 1156 1195 1205 tot
1222 1141 1490 1213 atrocia,
1537 1160 1734 1221 quum
1758 1152 1858 1201 tot
1885 1139 2374 1202 clariss'imorum
2399 1136 2651 1201 civium

268 1217 621 1270 ”⁰r‘51’”⁶'⁰‘=·
645 1224 963 1309 sanguine
1009 1224 1309 1289 Caesaris
1362 1222 1658 1284 manibus
1707 1222 1978 1283 tresviri
2019 1220 2316 1293 litarent,
2377 1220 2650 1284 divino·

264 1301 442 1337 ”nm
478 1304 597 1341 ‘'¹''
649 1308 911 1391 quoque
944 1306 1009 1367 in
1048 1326 1195 1367 eum
1233 1305 1519 1368 honores
1561 1323 1786 1365 omnes
1821 1304 2017 1365 variis
2055 1302 2342 1366 decretis
2361 1322 2652 1384 conges-

647 1392 911 1455 seruntz
956 1408 1123 1471 quae
1156 1400 1408 1448 extorta
1432 1407 1554 1469 per
1580 1384 1735 1458 vim,
1774 1399 1840 1446 et
1863 1386 2059 1469 impia
2083 1384 2464 1445 adulatione·
2486 1404 2652 1465 pro-

642 1469 958 1557 pudiosa,
1004 1490 1085 1530 ne
1118 1467 1377 1531 fastidio
1417 1469 1550 1531 sint
1587 1466 1984 1537 lectoribus,
2029 1467 2410 1529 omittimus.
2475 1465 2655 1528 Illud

640 1554 1001 1613 meuioratu
1054 1550 1315 1632 dignius
1368 1548 1495 1620 est,
1555 1568 1673 1611 eos
1720 1548 2030 1627 Kalendis
2074 1549 2405 1614 ,Ianuariis
2457 1560 2526 1609 et
2572 1550 2650 1609 in

280 1629 343 1689 1ae
360 1632 472 1697 eius
489 1640 617 1689 acu
643 1645 781 1697 acta
810 1632 1109 1697 Caesaris
1142 1631 1373 1712 jurass'e
1410 1632 1616 1715 ipsos,
1663 1644 1730 1691 et
1767 1633 1934 1691 alios
1964 1629 2181 1713 jurare
2200 1630 2458 1709 jussiffe.
2505 1627 2645 1722 Qui

262 1701 517 1771 JW‘WW’
640 1730 783 1779 mos
806 1754 827 1787 ,
872 1728 1008 1775 tum
1038 1728 1349 1810 coeptus,
1411 1714 1490 1775 ad
1529 1712 1759 1775 multas
1795 1710 2034 1774 deinde
2071 1713 2648 1788 aetates-duravit,

638 1808 715 1860 ut
748 1796 941 1863 initio
978 1798 1127 1860 anni
1162 1818 1231 1862 m
1268 1816 1496 1863 eorum
1533 1795 1844 1865 omnium,
1889 1794 2002 1878 qui
2037 1815 2259 1859 rerum
2292 1796 2490 1879 potiti
2521 1796 2646 1859 ali-

640 1876 899 1959 quando
932 1878 1232 1952 fuerant,
1294 1879 1426 1939 nisi
1469 1878 1586 1961 qui
1629 1889 1890 1943 senatus
1931 1876 2203 1939 decreto
2244 1874 2508 1959 fuerant
2549 1880 2639 1942 ob

643 1959 895 2027 scelera
929 1962 1171 2033 notati,
1218 1974 1355 2023 acta
1391 1960 1739 2041 juraretur.
1829 1958 2135 2021 Ceterum
2171 1960 2476 2033 tresviri,
2520 1958 2638 2025 fir-

301 2052 600 2123 Magistra·
640 2042 909 2105 mendae
946 2042 1275 2125 potentiae
1306 2043 1532 2115 causs'a,
1578 2036 1978 2183 magistratus
2011 2054 2142 2101 tum
2173 2040 2243 2100 in
2269 2043 2493 2127 plures
2520 2065 2636 2104 an·-

261 2124 617 2205 tust'nplurfs
641 2144 801 2195 nos,
864 2124 1161 2209 exemplo
1194 2126 1536 2194 Caesaris,
1592 2143 1668 2182 or
1717 2123 2096 2197 inaverunt‚
2147 2124 2339 2185 simul
2383 2144 2638 2189 merce-

260 2208 431 2273 ΜΨ*
450 2191 597 2245 ⁰7⁶⁸*
641 2204 786 2275 dem
828 2206 1005 2279 suis,
1064 2218 1132 2271 et
1167 2206 1294 2269 sibi
1330 2205 1399 2268 in
1440 2201 1764 2290 posterum
1804 2206 2154 2267 munimen.
2247 2206 2463 2290 Atque
2504 2208 2640 2282 sic,

260 2273 401 2317 '‘u'‘
642 2283 1003 2354 constitutis
1040 2287 1239 2350 rebus
1261 2332 1279 2363 ‚
1342 2283 1581 2352 Caesar
1620 2300 1687 2350 et
1719 2286 2046 2353 Antonius
2083 2284 2164 2348 ad
2198 2286 2443 2351 bellum
2478 2310 2642 2375 pro-

640 2365 851 2433 ficisci
888 2370 1222 2455 parabant.
1625 2372 1630 2377 ’

278 2510 612 2571 Seasit'Mur-
759 2502 865 2570 LI,
914 2502 1001 2567 At
1040 2502 1280 2565 Statius
1318 2505 1608 2573 Murcus,
1655 2502 1983 2565 Caffianae
2025 2501 2205 2567 clam
2234 2500 2638 2585 praefectus,

258 2582 311 2641 οἱ
336 2582 503 2658 gesta.
637 2582 815 2645 circa
847 2584 1377 2667 Peloponnesum
1416 2584 1780 2657 excubans,
1829 2606 2022 2667 quum
2056 2585 2434 2681 Aegyptiam
2471 2584 2643 2645 clas-

637 2684 778 2728 sem
816 2664 897 2728 ad
926 2664 1191 2729 Africae
1224 2665 1417 2739 litora
1455 2665 1695 2750 periss'e
1733 2666 2074 2749 naufragio
2110 2667 2416 2737 audiss'et,
2463 2666 2644 2746 ejus-

635 2765 765 2830 que
806 2744 1011 2812 oladis
1052 2760 1237 2807 notas
1276 2734 1353 2807 ad
1386 2747 1732 2809 Laconiam
1779 2768 1988 2831 usque
2042 2746 2278 2810 fluctus
2323 2748 2644 2831 pertulis-

636 2842 783 2893 sent
802 2848 823 2907 ;
862 2847 950 2888 ne
986 2848 1129 2889 cum
1168 2842 1341 2889 tanta
1374 2830 1562 2891 classe
1593 2828 1761 2891 nihil
1795 2842 2043 2911 ageret,
2087 2830 2348 2910 trajecit
2379 2832 2638 2892 Ionium

680 2910 943 2993 elegus,
1004 2923 1071 2971 et
1112 2910 1423 2983 insulam,
1487 2911 1712 2993 portui
1760 2910 2164 2973 Brundisino
2222 2912 2634 2995 oppositam,

582 3050 587 3055 .
629 2931 844 3058 {aelii
883 3010 1097 3133 nuger
1136 3004 1201 3053 et
1238 2993 1512 3055 Libonis
1559 3012 1744 3055 exem
1795 2992 1902 3064 lo,
1947 2992 2146 3075 cepit.
2231 2994 2414 3055 Haec
2463 2992 2644 3055 enim

1020 3092 1055 3133 e

629 3070 815 3145 statio
868 3074 969 3135 val
1104 3084 1246 3135 erat
1285 3088 1730 3160 opportuna-a
1811 3074 2331 3156 prohibendum,
2393 3096 2480 3135 ne
2523 3074 2642 3159 qui

489 3234 505 3247 ι
632 3174 716 3217 ex
755 3154 937 3217 Italia
975 3154 1220 3218 milites
1272 3170 1381 3222 aut
1428 3170 1826 3223 commeatus
1873 3156 1942 3218 in
1981 3156 2322 3221 Graeciam
2373 3158 2640 3239 trajice-

538 3282 546 3295 .
629 3250 887 3317 rentur,
964 3286 970 3293 .

289 3366 521 3451 Anem'fff
537 3407 589 3449 η
756 3370 892 3432 LII.
944 3360 1077 3438 Sed
1111 3372 1235 3454 jam
1278 3372 1605 3435 exercitus
1648 3368 2178 3443 triumvirorum,
2237 3386 2389 3435 octo
2425 3374 2645 3457 legio-

256 3462 609 3527 c'aesarisex‘.
634 3474 792 3526 nes‚
839 3472 983 3515 cum
1024 3454 1255 3538 legatis
1295 3456 1367 3517 C.
1404 3455 1712 3517 Norbano
1753 3470 1828 3513 ac
1862 3450 2142 3514 Decidio
2184 3454 2381 3527 Saxa,
2423 3468 2642 3517 trans..

251 3534 478 3617 pedisse.
631 3534 818 3599 miffo
848 3531 1222 3609 Adriatico,
1274 3538 1341 3597 in
1370 3536 1814 3599 Macedoniam
1855 3548 2341 3617 praeverterat:
2387 3536 2643 3599 tribus-

630 3617 801 3680 viris
856 3612 981 3679 hos
1083 3618 1647 3690 raemittentibus,
1714 3617 1866 3678 dum
1917 3616 2191 3679 Cass'ium
2248 3632 2312 3679 et
2357 3622 2638 3683 Brutum

630 3697 835 3780 Lycio
870 3698 1017 3761 Rho
1067 3700 1369 3783 iensique
1412 3700 1591 3761 bello
1627 3700 1694 3760 in
1729 3700 1994 3781 longum
2019 3710 2275 3782 tempus
2306 3721 2378 3762 se
2407 3714 2644 3783 putant

630 3780 1041 3864 implicuiss'e.
1104 3780 1261 3855 Sed,
1299 3794 1639 3865 comperto
1671 3802 1894 3844 rerum
1925 3777 2178 3841 istarum
2210 3782 2410 3855 exitu,
2451 3782 2637 3844 Rho..

631 3863 760 3925 diis
795 3859 1144 3948 Lyciisque
1192 3862 1578 3926 collaudatis
1613 3864 1880 3948 publico
1919 3863 2225 3935 decreto,
2262 3864 2638 3961 promissis‚

632 3965 761 4031 que
800 3944 877 4005 ad
920 3962 1147 4007 eorum
1182 3945 1610 4029 reparandam
1652 3944 1979 4009 fortunam
2013 3945 2354 4029 pecuniis,
2415 3964 2484 4010 et
2522 3968 2635 4009 re.

698 4131 843 4203 Gap·
874 4134 1073 4190 XLIX.
1112 4132 1251 4189 Dio.
1322 4132 1468 4209 Cap.
1491 4134 1586 4188 LI.
1637 4133 1890 4207 Appian.
1929 4134 2144 4205 Supra,
2180 4152 2294 4195 ns·
2323 4132 2378 4195 ὅ,
2419 4144 2476 4193 et
2507 4154 2638 4211 ιιι,

633 4207 725 4273 2⁴,
758 4203 1018 4280 Appian,
1092 4202 1241 4279 Gap.
1274 4204 1402 4269 1411·
1442 4204 1581 4265 Dio.
1617 4202 1877 4285 Appian-
1915 4202 2055 4267 Dio.
