2892 4684
678 271 771 360 78
836 267 1248 335 FREINSH.
1275 263 2122 336 SUPPLEMENTORUM
2147 269 2616 342 LmLxxvt.

345 479 412 536 U·
446 497 501 536 θ·
527 445 653 551 ’7οΰ4-
684 493 931 546 cerent.
1009 483 1170 544 Nam
1195 522 1212 552 ‚
1261 469 1440 540 sicut'
1478 475 1574 539 illi
1610 496 1785 540 mare
1809 521 1827 552 ,
1869 479 1959 541 ita
1997 493 2239 542 terram
2280 481 2348 543 in
2388 481 2666 566 potesta-

340 551 413 606 Α·
453 553 521 608 0·
550 551 642 618 48·
687 579 749 628 te
778 567 1014 627 Caesar
1038 560 1352 636 habebat3
1396 557 1901 644 stationibusque
1931 583 2056 645 per
2084 562 2276 624 litora
2301 563 2666 648 dispositis,
2742 595 2748 600 ²

686 668 818 710 non
849 643 1163 728 aquandi,
1224 661 1355 702 non
1386 640 1713 724 lignandi,
1769 661 1854 704 ne
1892 644 2214 726 religandi
2247 646 2510 728 quidem
2555 668 2669 706 na·
2771 693 2778 708 .

362 737 665 805 DLBn‘buh'
687 750 802 792 ves
840 727 1208 806 facultatem
1244 717 1452 784 dabat.
1535 721 1720 782 Unde
1761 737 1826 785 et
1861 729 1948 786 M.
1987 725 2299 799 Bibulus,
2359 748 2553 811 quum
2597 727 2672 788 in
2775 761 2798 788 ι

312 823 492 863 ’⁸⁰¹³ae
688 830 936 874 summo
973 806 1229 889 frigore
1270 818 1340 867 et
1374 802 1594 887 inopia
1627 823 1750 886 per
1781 806 2021 868 multos
2057 807 2230 879 dies,
2287 829 2696 893 quamquam-

686 909 966 974 corpore
1011 907 1249 971 aeger,
1312 885 1658 947 discedere
1706 905 1787 946 ex
1832 889 2103 949 navibus
2149 889 2389 960 nollet,
2453 911 2676 978 neque

684 974 780 1036 ibi
816 971 1033 1056 curari
1064 969 1307 1052 pollet,
1354 981 1540 1028 aucto
1581 967 1846 1041 morbo,
1872 969 2068 1031 ‘diem
2107 991 2289 1031 suum
2327 971 2508 1034 obiit.
2594 976 2674 1034 In

626 1079 631 1084 ·
684 1053 825 1136 ejus
864 1053 1078 1114 locum
1122 1049 1433 1112 suffectus
1471 1045 1558 1109 est
1593 1067 1821 1110 nemo:
1885 1052 2001 1114 sed
2047 1052 2323 1137 singulis
2367 1053 2673 1116 claffibus

674 1133 1047 1220 ‚praepositi
1082 1151 1200 1194 suo
1238 1151 1347 1194 eas
1380 1130 1654 1191 arbitrio
1691 1132 2028 1215 regebant.
2287 1151 2299 1168 ¹

376 1267 662 1342 Pompeiis:
810 1267 982 1330 XVI.
1035 1269 1291 1326 Interea
1336 1260 1411 1320 L.
1456 1258 1825 1337 Vibullius,
1883 1264 1996 1348 qni
2037 1263 2329 1328 mandata
2369 1267 2670 1332 Caesaris

222 1377 240 1403 x
309 1338 374 1392 δ’
394 1355 525 1409 7⁸⁶·
544 1351 661 1420 ΜΞ·
689 1345 1057 1431 exponendi
1100 1344 1300 1407 otium
1342 1341 1626 1404 nondum
1668 1344 1880 1406 fuerat
1913 1359 2170 1419 nactus,
2218 1367 2360 1410 cum
2389 1352 2670 1432 Pompe.

309 1417 463 1460 ctare
512 1407 661 1460 ‘'a''
684 1431 750 1514 jo
786 1449 984 1513 agere
1018 1425 1307 1490 instituit.
1366 1425 1455 1485 At
1485 1425 1596 1487 ille
1627 1425 2020 1501 interfatus&
2043 1427 2206 1510 Qid
2237 1432 2387 1504 mihi,
2432 1431 2666 1514 inquit,

309 1489 533 1545 “aa'’
686 1533 785 1572 aut
815 1517 931 1571 vim
946 1553 963 1584 ,
1010 1529 1107 1570 aut
1142 1511 1363 1568 civitate
1402 1523 1537 1586 opus
1574 1513 1668 1584 est,
1717 1528 1876 1589 quam
1909 1509 2157 1588 beneficio
2189 1510 2439 1592 Caefizris
2472 1511 2686 1576 hahere.

683 1591 958 1659 videbor?
1021 1591 1178 1669 eujus
1214 1590 1298 1646 rei
1336 1590 1516 1667 opinio
1556 1589 1681 1648 tolli
1715 1609 1822 1650 non
1853 1595 2095 1671 poterit,
2137 1613 2303 1670 quum
2328 1597 2386 1652 in
2415 1592 2666 1668 Italiam,

688 1695 758 1737 ex
784 1693 890 1754 qua
916 1675 1194 1754 profi-ctus
1210 1667 1355 1746 fiam,
1399 1668 1658 1732 reductus
1682 1671 2046 1746 existimabor.
2123 1673 2312 1734 Bello
2337 1674 2666 1758 perfecto,
2721 1725 2728 1732 .

688 1757 927 1820 Caesar
976 1751 1135 1814 h‘aec
1180 1747 1350 1812 dicta
1396 1750 1707 1832 cognovit
1745 1751 1823 1812 ab
1861 1753 1983 1827 iis,
2043 1754 2155 1838 qui
2197 1755 2668 1820 interfuerant=

686 1835 1127 1900 interfuerunt
1167 1845 1379 1908 autem
1421 1830 1804 1894 Scribonius
1839 1835 2046 1906 Libo,
2091 1838 2164 1900 L.
2205 1837 2552 1918 Luccejus‚
2599 1847 2670 1900 et

689 1919 975 2002 scriptor
1002 1911 1886 2009 historiarum'l'heophanes,
1919 1917 2301 2002 quibuscum
2330 1939 2438 1980 res
2467 1919 2669 1980 masti-

684 2021 821 2062 mas
854 1997 1327 2060 communicare
1360 1997 1711 2078 Pompejus
1751 1999 2198 2063 consueret-at.
2245 2000 2376 2062 Sed
2403 2014 2535 2061 tum
2569 2012 2670 2060 et-

685 2081 814 2144 iam
859 2080 987 2141 alio
1025 2077 1319 2142 facinore
1358 2077 1739 2160 Pompeiani
1781 2079 2276 2151 declaraverunt
2309 2102 2600 2146 aversam
2633 2102 2674 2144 a

736 2183 849 2225 ace
888 2163 1303 2223 voluntatem.
1375 2159 1621 2221 Crebra
1661 2160 1836 2221 inter
1875 2162 2116 2223 milites
2161 2163 2353 2224 utrim
2407 2183 2486 2225 ue
2527 2163 2668 2224 col-

717 2245 907 2330 oquia
933 2241 1193 2315 fiebant,
1236 2239 1495 2302 modico
1533 2241 1952 2306 interfluente
1991 2263 2196 2304 amne.
2261 2265 2340 2306 eo
2433 2288 2449 2304 .
2480 2243 2665 2309 Vati-

686 2327 867 2388 nium
884 2325 1079 2386 mittit
1094 2325 1352 2398 Caesar,
1370 2322 1483 2406 qni
1503 2341 1729 2406 magna
1746 2344 1910 2387 voce
1935 2326 2191 2410 saepius
2211 2326 2664 2410 proclamaret,

686 2409 973 2470 Lice-reme
1014 2405 1218 2466 civibus
1255 2407 1328 2466 ad
1358 2427 1500 2464 cives
1535 2403 1737 2488 legatos
1771 2406 1839 2466 de
1872 2427 2000 2489 pace
2027 2413 2244 2466 mittere
2266 2451 2282 2481 ,
2328 2406 2471 2488 quod
2495 2423 2661 2487 prae-

677 2489 907 2550 donibus
932 2509 988 2548 et
1001 2487 1267 2571 fiagitivis
1285 2483 1511 2566 licuiffet
1527 2487 1556 2546 ἒ
1589 2487 2002 2572 Responsum
2023 2487 2110 2550 est
2132 2489 2207 2550 ab
2229 2490 2428 2551 altera
2451 2502 2657 2571 parte,

679 2574 755 2634 Α.
794 2567 1097 2634 Varronem
1140 2567 1351 2650 postero
1402 2569 1494 2629 die
1547 2569 1622 2627 eid
1662 2570 1981 2650 colloquium
2028 2591 2337 2631 venturum.
2423 2571 2662 2653 Agitur

676 2671 815 2713 unav
841 2652 1033 2712 etiam
1067 2650 1393 2732 utrimque
1417 2693 1434 2724 ,
1481 2649 2014 2734 quemadmodum
2061 2665 2201 2715 tuto
2242 2651 2443 2734 legati
2475 2650 2666 2712 veni-

590 2782 595 2786 .
677 2753 794 2806 re,
842 2747 945 2804 et,
991 2752 1155 2817 quae
1189 2733 1470 2806 vellent,
1519 2751 1598 2793 ex
1645 2752 1848 2795 onere
1893 2734 2164 2818 poss'ent.
2249 2733 2415 2805 Sed,
2466 2751 2662 2816 quum

676 2813 744 2876 in
785 2811 1193 2876 constitutum
1232 2815 1443 2875 locum
1481 2815 1554 2877 P.
1653 2815 1888 2876 atinitis
1927 2815 2237 2888 veniss'et,
2298 2829 2366 2878 et
2400 2833 2541 2876 cum
2579 2831 2663 2874 eo

672 2897 860 2980 loqui
892 2899 971 2956 Τ.
1006 2894 1328 2957 Labienus
1365 2895 1716 2978 coepiss'et,
1763 2917 1843 2958 ex
1870 2897 2229 2980 improviso
2260 2898 2382 2960 tela
2415 2906 2564 2958 sunt
2591 2895 2663 2954 in

674 2977 1005 3045 Vatinium
1026 2977 1350 3058 conjecta:
1398 2996 1562 3061 quae
1592 2977 1727 3051 ille,
1771 2977 2046 3039 militum
2077 2979 2272 3059 armis
2301 2990 2660 3060 protectus,

676 3061 927 3124 &itavit0
996 3059 1413 3124 centuriones
1469 3058 1716 3142 aliquot
1764 3061 2134 3144 militesque
2176 3059 2473 3122 Caesaris
2516 3057 2662 3119 vul-

677 3143 889 3204 nerati
929 3156 1111 3217 sunt,
1161 3141 1555 3203 exclamante
1597 3140 1926 3215 Labieno,
1989 3143 2238 3222 Desinite
2265 3161 2390 3223 ergo
2415 3141 2484 3199 de
2512 3157 2659 3198 com-

621 3271 637 3289 „
676 3229 934 3366 pcgltltione
960 3226 1013 3283 lo
1050 3229 1129 3286 ui.
1186 3244 1311 3284 nam
1337 3221 1488 3284 nobis
1507 3265 1526 3298 ,
1563 3225 1666 3304 nest
1687 3221 1862 3282 relato
1881 3221 2132 3306 Caesaris
2165 3219 2370 3306 capite,
2411 3237 2524 3302 pax
2558 3217 2662 3302 effi

683 3327 721 3366 n
808 3325 840 3366 a
871 3247 1064 3387 peresi.

274 3393 281 3400 ¹
348 3417 431 3474 11.
456 3417 661 3473 coeunt
804 3411 1007 3475 XVH.
1052 3411 1289 3474 Iisdem
1326 3411 1733 3496 temporibus
1765 3414 2010 3474 Romae
2043 3412 2132 3470 Μ.
2157 3407 2419 3471 Coelius
2446 3407 2662 3472 Rufus

300 3503 658 3541 '‘5⁸⁰¹'‘'5m0-
682 3506 949 3578 praetor
980 3514 1288 3556 novarum
1319 3516 1542 3562 rerum
1570 3494 1902 3555 materiam
1932 3491 2302 3573 quaerebat,
2329 3508 2460 3550 non
2484 3509 2662 3552 amo-

299 3555 655 3612 “m'fflmm’
682 3595 757 3638 re
798 3574 1200 3659 reipublicae
1224 3619 1240 3649 ‚
1284 3589 1392 3638 aut
1436 3575 1614 3658 quod
1655 3593 1926 3658 aequum
1975 3573 2102 3633 ess'e
2129 3613 2146 3643 ‚
2193 3568 2368 3656 quod
2407 3570 2660 3654 agebat,

389 3663 408 3674 “
682 3656 1022 3732 crederet,
1070 3657 1185 3718 sed
1222 3655 1454 3720 dolore
1494 3670 1684 3738 atque
1720 3655 2164 3738 indignatione
2197 3667 2442 3725 motus,
2491 3653 2660 3712 sicut

680 3737 827 3835 ipse
866 3737 1232 3801 confitetur.
1297 3739 1513 3800 Homo
1550 3753 1687 3799 erat
1721 3737 1984 3819 eloquio
2018 3737 2362 3819 animoque
2387 3730 2658 3794 Curioni

616 3873 623 3884 .
682 3821 1049 3899 simillimus
1069 3863 1087 3896 ,
1128 3819 1307 3900 cujus
1341 3817 1532 3882 etiam⁸
1561 3820 1879 3902 pellectus
1902 3818 2212 3892 amicitia,
2256 3830 2322 3877 et
2345 3814 2496 3876 odio
2522 3807 2655 3896 Ap-

638 3947 645 3954 -
678 3901 813 3988 pii,
872 3923 1064 3988 quem
1108 3901 1354 3964 sciebat
1389 3901 1456 3962 in
1494 3899 1778 3963 diversis
1819 3900 2116 3985 partibus
2153 3901 2336 3971 fore,
2383 3893 2463 3956 ad
2499 3895 2658 3956 Cae·

682 4090 689 4100 '
730 4091 898 4178 pap.
916 4091 1095 4176 35⁷1..
1114 4089 1353 4160 Strabo,
1378 4087 1417 4143 l.
1440 4089 1529 4146 23.
1561 4107 1619 4164 p.
1641 4093 1768 4159 617.
1791 4099 1848 4144 et
1867 4086 2032 4170 alibi:
2067 4087 2236 4143 Caes.
2307 4085 2453 4160 Cap.
2473 4081 2664 4142 XVII.

679 4163 805 4224 Inv-
829 4163 987 4235 Epit.
1024 4161 1159 4234 Dio,
1178 4159 1223 4218 1.
1238 4164 1329 4231 4².
1376 4157 1526 4220 Veu.
1550 4177 1605 4234 a,
1622 4159 1714 4219 68.
1753 4159 1924 4218 Caes.
1967 4159 2094 4216 Cic.
2125 4153 2202 4213 sd
2216 4157 2454 4229 Fam-8,
2482 4175 2568 4232 ¹7·
