2892 4684
539 271 630 336 m
669 265 978 332 Locum
1015 269 1188 330 Lm.
1227 267 1574 334 cxxxvl.
1618 265 1857 332 mvn.
2079 269 2191 349 751

207 476 642 544 conditiones
699 475 1006 558 adcipere
1062 480 1189 540 utri
1241 500 1320 539 ue
1369 489 1783 560 cogerentur.
1866 475 2195 535 Dalmata-e
2262 474 2329 530 U.
2365 491 2415 532 e.
2442 474 2563 543 736.

209 580 490 702 guoque
535 557 856 652 sub-idem
893 572 1145 641 tempus
1195 499 1468 642 &ispani
1518 557 1843 653 nie-moti:
1900 555 2015 617 sed
2060 576 2188 615 mo·
2260 542 2529 636 300⁶?-

208 637 1501 795 0:⁰3303333¹?ss?532.2221”¹¹13¹21125³z⁰0
1510 637 2198 801 ιζ’ὲΐῗὲςῗίᾞῖῗέἱῗξ

271 803 442 874 uod,
485 822 564 864 eo
599 813 891 872 mortuo,
936 801 1290 876 liberorum
1345 801 1483 882 eius
1526 801 1875 862 avunculus
1922 813 1985 862 et
2024 813 2198 860 tutor

283 883 672 964 hymetalces
707 880 1120 956 defendebat,
1166 885 1244 945 ab
1278 883 1609 953 Romanis,
1663 881 1961 943 auxilium
1994 881 2059 941 ei
2094 881 2194 941 se·
2332 885 2355 924 θ

198 965 542 1036 rentibus,
588 963 836 1024 subacti
869 979 1036 1025 sunt.
1125 966 1441 1029 Sarmatas
1468 962 1689 1024 eadem
1718 976 2041 1024 tentantes
2074 965 2189 1024 Cn.

202 1045 568 1143 Cornelius
599 1044 912 1104 Lentulus
941 1066 1154 1144 pugna
1179 1048 1384 1108 victos
1421 1059 1600 1106 trans
1630 1041 1848 1105 Istrum
1874 1043 2191 1106 recedere

205 1147 300 1270 ii?
307 1124 2193 1292 ⁶313..2330‘33'5‘3333332223²²2..¹}‚⁶.:1.‘{⁰:¹31¹;{‡33‘q521

201 1289 380 1350 Pari
421 1288 733 1350 felicitate
757 1287 1207 1352 Germanicum
1235 1291 1471 1366 bellum
1493 1333 1509 1364 ,
1558 1287 1728 1371 quod
1756 1307 1913 1370 prae
1950 1290 2191 1349 ceteris

204 1384 364 1432 erat
387 1367 825 1442 formidabile,
850 1372 1295 1451 compositum.
1347 1371 1627 1466 Quippe.
1667 1368 2022 1440 intellect0‚
2062 1389 2193 1429 non

201 1450 417 1512 modo
445 1451 726 1512 Lollium
747 1447 994 1513 strenue
1015 1474 1243 1535 parare
1262 1474 1453 1523 arma,
1476 1450 1629 1513 sedi
1681 1469 1817 1510 sum
1841 1469 1981 1511 cum
2004 1469 2191 1510 exer·

201 1535 358 1593 citu
386 1532 730 1594 adventare
769 1533 1126 1603 Caesarem,
1173 1534 1249 1593 ad
1281 1555 1393 1594 sua
1418 1537 1639 1614 regrel
1670 1553 1723 1603 ι,
1770 1530 1971 1593 miffis
2012 1531 2190 1592 obsi-

205 1614 418 1674 dibus
446 1655 464 1683 ‚
526 1613 814 1695 quietem
849 1613 1354 1697 spoponderunt.
1440 1620 1577 1676 Nec
1622 1625 1831 1674 tamen
1880 1613 2041 1676 adeo
2087 1626 2194 1675 aut

204 1693 476 1756 credita
517 1693 676 1754 haec
701 1734 718 1765 ‚
765 1707 870 1755 aut
907 1693 1197 1777 praestita
1240 1717 1360 1777 pax
1391 1697 1517 1756 fuit
1540 1736 1557 1766 ,
1620 1696 1771 1777 quin
1808 1694 2005 1777 aliqui
2040 1694 2193 1755 sub-

205 1773 382 1838 inde
415 1787 626 1835 motus
669 1773 1085 1838 exsisterent:
1129 1797 1397 1858 quorum
1437 1776 1640 1837 caull'a
1670 1787 1735 1836 et
1763 1775 1933 1836 hunc
1962 1795 2191 1836 annum
2278 1801 2293 1810 ·

202 1857 278 1918 in
332 1856 580 1928 Gallia,
643 1868 709 1917 et
757 1872 1136 1939 sequentem
1186 1859 1531 1928 contrivit,
1599 1869 1725 1939 quo
1772 1857 2071 1918 consules
2103 1860 2193 1916 Μ.

202 1937 455 1998 Livius
499 1938 573 1998 L.
613 1938 688 1998 F.
720 1937 973 2001 Drusus
1015 1939 1182 2003 Libo
1206 1981 1222 2010 ‚
1283 1941 1358 1998 L.
1393 1937 1781 2022 Calpurnius
1817 1942 1895 2000 h.
1922 1939 2001 2016 F.
2029 1939 2186 2000 Piso
2252 1919 2324 1974 U·
2355 1937 2407 1974 ⁰·
2438 1922 2560 1988 ¹737·

203 2019 514 2082 fuerunt.
2250 1989 2549 2122 ῢ·(ἐ”ἰ;ἰ50,

339 2127 480 2186 Lu.
529 2123 658 2187 Sed
697 2141 764 2186 et
805 2126 946 2209 ipsa
982 2124 1188 2186 Gallia
1225 2145 1351 2187 non
1388 2127 1541 2188 satis
1583 2124 1797 2208 quieta
1837 2136 1997 2195 erat,
2040 2140 2193 2204 pro·
2220 2126 2285 2206 1..
2308 2127 2551 2198 calpur-

257 2221 370 2268 ter
403 2205 688 2267 hominis
724 2205 1016 2268 libertini
1059 2220 1290 2267 tantam
1330 2207 1843 2289 improbitatem,
1892 2218 1959 2264 ut
1992 2203 2193 2284 signi·
2222 2211 2323 2246 ¹¹⁸⁰
2343 2195 2493 2278 Coss'.

204 2230 404 2350 ficata
453 2287 754 2368 prodigio
785 2287 870 2348 sit
901 2286 1164 2358 credita,
1211 2309 1400 2370 quum
1433 2290 1698 2348 maxima
1738 2287 1945 2347 bellua
1989 2284 2195 2365 vigin-
2258 2265 2455 2348 mmm.
2480 2265 2551 2383 5⁶

204 2372 260 2432 ti
299 2368 548 2452 pedum
597 2368 936 2428 latitudine
962 2410 979 2441 ‚
1047 2369 1233 2452 longa
1271 2369 1631 2452 sexaginta,
1692 2381 1758 2430 et
1795 2380 2055 2450 praeter
2094 2384 2193 2427 ca·
2222 2334 2549 2454 5³55&ch

199 2465 328 2532 put
375 2448 646 2508 mulieri
687 2449 942 2520 similis,
986 2467 1064 2509 ex
1095 2469 1334 2511 oceano
1367 2452 1667 2522 irruens,
1734 2449 1801 2510 in
1846 2447 2008 2511 vado
2044 2444 2193 2507 hae·
2222 2469 2570 2540 despoliata.

207 2533 418 2594 sill'et.
473 2531 547 2589 L.
589 2530 880 2590 Licinius
915 2528 974 2589 is
1007 2528 1164 2604 fuit,
1213 2532 1436 2594 Gallus
1486 2531 1781 2600 natione,
1870 2531 1937 2590 ui
1974 2539 2196 2610 captus
2321 2542 2329 2550 ‘

207 2613 298 2672 iis
341 2610 547 2671 bellis
599 2609 902 2672 dictatori
949 2613 1206 2672 Caesari
1255 2614 1594 2675 servierat.
1680 2613 1808 2673 Sed
1902 2629 2063 2684 unc,
2128 2609 2197 2668 in

209 2692 478 2754 honore
529 2703 596 2751 et
641 2712 758 2752 usu
800 2693 1072 2752 maximo
1103 2693 1415 2776 Augustus
1460 2693 1701 2756 habere
1744 2692 1997 2762 solitus,
2043 2707 2200 2773 pro-

211 2789 591 2834 curatorem
637 2793 817 2832 suum
855 2771 922 2831 in
969 2773 1175 2834 Gallia
1221 2773 1651 2836 constituerat.
1734 2779 1796 2835 Is
1832 2773 2067 2854 igitur,
2118 2767 2201 2830 ad

215 2852 610 2938 explendam
655 2853 1004 2936 ingenitam
1053 2855 1382 2916 avaritiam
1420 2854 1736 2934 majestate
1768 2852 2041 2915 Romani
2086 2868 2205 2911 no·

211 2935 414 2996 minis
449 2935 728 3006 abusus,
788 2933 915 2996 hoc
949 2934 1210 3016 agebat,
1271 2951 1376 3008 ut,
1439 2951 1757 3020 quotquot
1792 2956 1863 2996 se
1912 2932 2207 3017 potiores

213 3019 366 3100 ipso
403 3014 699 3087 ferrent,
766 3015 1308 3097 deprimerentur.
1353 3037 1476 3080 nec
1526 3031 1864 3078 contentus
1926 3013 2207 3095 exegiss'e

212 3099 294 3160 ad
333 3097 814 3180 praescriptum
860 3095 985 3157 sibi
1025 3097 1282 3158 modum
1307 3141 1326 3172 ‚
1371 3119 1659 3181 magnam
1702 3100 1970 3180 insuper
2007 3105 2205 3177 pecu·

211 3180 383 3240 niam
443 3177 576 3239 sibi
622 3178 886 3263 suisque
927 3179 1387 3276 extorquebat:
1436 3194 1561 3241 tam
1616 3179 2024 3263 impudenter
2110 3175 2209 3234 ui-

215 3261 364 3322 dem
400 3301 418 3333 ,
483 3272 600 3332 ut,
647 3261 945 3341 quoniam
991 3259 1058 3320 in
1108 3263 1398 3344 singulos
1445 3282 1701 3322 menses
1742 3260 1952 3341 aliqua
1999 3257 2077 3316 de
2130 3275 2197 3316 e-

216 3343 486 3412 bantur‚
533 3341 1018 3422 quatuordecim
1044 3345 1393 3426 pensiones
1419 3341 1647 3403 eodem
1678 3361 1842 3401 anno
1866 3340 2161 3418 exigeret
2178 3358 2197 3396 ε

215 3423 566 3484 veteribus
599 3424 914 3486 meusium
947 3423 1316 3494 nominibus
1357 3423 1591 3484 Iulium
1622 3432 1677 3480 et
1710 3423 2055 3496 Augustum
2086 3417 2200 3480 ad-

218 3523 594 3564 numerans·

323 3611 486 3673 Lul.
519 3611 708 3684 Sane,
733 3609 1052 3696 postquam
1072 3613 1310 3674 Caesar
1339 3607 1625 3681 advenit,
1658 3619 1825 3668 tauta
1842 3605 1943 3667 vis
1959 3605 2023 3664 in
2052 3623 2195 3666 eum
2262 3591 2490 3660 1²⁷⁸!st
2508 3612 2563 3646 α·

220 3703 450 3751 coorta
489 3707 930 3755 accusatorum
974 3691 1097 3766 est,
1160 3706 1414 3776 tamque
1477 3689 1740 3762 acerba,
1810 3699 1878 3746 ut
1916 3687 2195 3769 patroci-
2222 3663 2338 3782 {fg
2382 3663 2575 3782 ⁰2:22:

218 3771 334 3832 n'io
387 3771 609 3856 potius
669 3773 840 3856 apud
888 3776 1304 3857 Principem,
1371 3794 1555 3856 quam
1622 3767 1957 3855 periculo,
2020 3769 2340 3853 effetqm..
2392 3747 2425 3799 ⁹

214 3855 512 3935 Namque
577 3857 813 3938 partim
857 3853 1117 3918 moleste
1173 3854 1324 3917 tulit
1373 3854 1442 3915 id
1480 3855 1753 3924 Caesar,
1813 3849 1877 3910 in
1926 3849 2201 3909 nonnul-

285 4061 432 4132 (ἔαρ.
468 4063 565 4117 LI.
605 4059 772 4141 Flor3
795 4061 865 4128 4,
906 4079 982 4116 is.
1027 4071 1088 4117 et
1121 4059 1256 4116 Dio.
1299 4061 1463 4119 Flor.
1496 4061 1632 4116 Dio.
1707 4061 1853 4132 Cap.
1886 4061 2007 4117 Lll.
2062 4061 2205 4117 Sue-

221 4135 347 4183 ton.
383 4133 533 4204 Aug.
571 4131 660 4203 67.
700 4131 839 4186 Dio.
