2892 4684
703 267 794 335 m
833 261 1144 344 noenu
1183 266 1350 331 Lm.
1393 265 1533 331 cx.
1563 265 1815 336 mvn.
2160 268 2242 334 ω
2281 275 2290 308 ¹

238 493 386 556 cam
415 473 764 538 adssumen
783 474 1148 560 Bagradam
1219 475 1571 557 nigrellus,
1602 475 2027 539 exscensione
2049 476 2239 549 facta,
2270 524 2284 532 .
2302 481 2372 538 U.
2405 496 2457 535 e.
2486 479 2615 544 27⁰3.

231 553 440 618 'castra
471 557 664 620 locat.
725 558 880 624 inde
917 558 998 620 ad
1033 578 1158 640 exp
1190 555 1431 618 oranda
1466 555 1663 619 castra
1695 558 1997 625 Cornelia
2022 557 2241 638 (nobi-
2297 549 2465 634 400·
2522 566 2579 618 ⁹·

246 639 494 702 litatem
535 659 903 726 nomenque
947 641 1098 706 loco
1140 638 1390 722 prioris
1423 631 1723 702 Africani
1764 639 2101 724 expeditio
2139 641 2240 704 fe-

251 721 467 800 cerat)
506 741 652 784 cum
683 723 976 808 equitatu
1011 722 1254 806 pergit,
1300 721 1563 804 levique
1595 723 1857 806 proelio
1894 722 2083 784 victis
2108 725 2243 788 Nu-

251 801 483 874 midis,
535 805 696 887 qui,
755 819 826 866 ut
877 819 1084 868 tutum
1129 800 1487 886 agrestibus
1530 817 1870 888 receptum
1908 800 2242 879 facerent,

253 906 334 946 ex
364 881 586 946 castris
610 887 770 954 Vari
807 886 1049 972 oppido
1083 884 1448 966 conjunctis
1482 869 1939 957 excurrerant'‚
1984 898 2083 961 et,
2128 885 2244 948 ad·-

245 981 450 1030 ventu
483 969 824 1052 longarum
857 965 1494 1040 naviumaaudacior,
1596 968 1937 1038 renunciat
1966 968 2243 1032 navibus

251 1049 614 1124 onerariis,
675 1071 838 1134 quae
885 1071 1158 1112 numero
1208 1047 1483 1109 circiter
1565 1063 1839 1115 ucentae
1882 1047 2123 1112 stabant
2161 1048 2243 1112 ad

247 1131 504 1193 Uticam
526 1173 544 1204 ,
585 1151 686 1214 pro
720 1132 955 1211 hostibus
979 1129 1042 1214 se
1071 1129 1407 1200 habiturum,
1454 1135 1553 1210 qui
1586 1149 1697 1190 non
1728 1131 1993 1211 extmplo
2024 1132 2243 1213 cursum

247 1213 326 1273 ad
367 1213 544 1290 castra
589 1215 852 1276 Corne-ha
895 1211 1236 1293 dirextffint.
1322 1210 1693 1296 Obsequuti
1736 1224 1886 1272 sunt
1922 1211 2239 1286 universi,

249 1295 752 1376 exercitumque
781 1293 1082 1356 Curionis
1128 1293 1413 1355 omnium
1449 1313 1673 1355 rerum
1713 1291 1903 1376 copia
1940 1293 2241 1374 replevex.

248 1389 430 1438 runt.
515 1380 671 1436 Mox
715 1375 948 1436 iterum
999 1376 1064 1436 in
1113 1374 1306 1438 castra
1351 1373 1430 1436 ad
1464 1375 1823 1460 Bagradam
1874 1393 1945 1434 se
1990 1375 2243 1455 recepit

249 1458 496 1528 Curio,
557 1455 704 1538 quia
749 1456 1167 1532 adversarii‚·
1194 1453 1388 1520 calli-a
1427 1457 1733 1520 Cornelia
1776 1467 2245 1540 occupaturum

258 1537 605 1620 suspicati,
665 1561 860 1624 aquas
903 1561 1158 1603 veneno
1205 1537 1606 1617 infecerant3
1653 1554 1740 1614 ct,
1768 1536 2242 1600 'acclamatione
2348 1569 2357 1586 ·

257 1619 460 1694 totius
497 1623 822 1684 exercitus
859 1645 892 1684 a
940 1623 1217 1706 pellatus
1247 1621 1625 1703 imperator,
1668 1619 1927 1707 postero
1961 1620 2071 1682 die
2100 1637 2243 1678 mo·

259 1713 368 1764 vet
391 1701 669 1777 Uticam,
715 1717 786 1764 et
820 1644 1014 1764 εαξη
1049 1705 1262 1784 prope
1301 1702 1609 1783 oppidum
1643 1705 1849 1785 ponit.
1938 1700 2241 1766 Nondum

250 1782 564 1864 perfectis
602 1785 952 1868 operibus,
999 1781 1072 1842 lit
1105 1781 1356 1842 certior
1391 1782 1857 1867 adeffe‘magna
1885 1785 2091 1848 Jubae
2133 1805 2240 1844 re-

249 1865 353 1946 gis
409 1866 683 1938 auxilia,
733 1865 1120 1944 Uticamque
1177 1861 1320 1922 sine
1369 1862 1607 1924 timore
1658 1885 1961 1946 pergere.
2033 1865 2243 1950 igitur

247 1945 583 2028 equitibus
619 1944 912 2006 immiffis
949 1943 1072 2003 hos
1107 1941 1454 2014 disturbat,
1500 1955 1565 2004 et
1596 1963 1891 2040 magnum
1924 1945 2241 2008 interficit

247 2025 544 2108 peditum
595 2027 971 2096 numerum,
1031 2023 1144 2109 qni
1179 2037 1308 2086 tam
1347 2023 1661 2088 celeriter
1700 2047 1772 2087 in
1814 2027 2125 2113 oppidum
2164 2047 2239 2091 se

247 2105 558 2190 recipere
593 2107 1044 2191 nequiverant.
1125 2117 1132 2126 '

374 2213 601 2292 Lvm.
647 2211 778 2298 Sed
809 2213 1102 2296 proxima
1132 2213 1351 2286 nocte',
1396 2233 1609 2302 quum⁸
1627 2213 2043 2280 centuriones
2062 2219 2234 2280 Mar·
2299 2211 2623 2308 Ejussmntss

247 2293 306 2355 si
363 2293 692 2357 duo‘cum
739 2295 910 2356 mani
960 2296 1248 2358 ularibus
1307 2295 1555 2379 aliquot
1602 2295 1684 2362 ad
1720 2297 1962 2362 Varum
2008 2299 2233 2383 perfu-
2262 2317 2340 2360 ees
2381 2310 2587 2360 senice..

243 2375 516 2458 giffent,
563 2379 635 2437 in
675 2398 860 2462 spem
887 2377 920 2446 ,i
949 2377 1013 2439 le
1047 2378 1266 2452 venit,
1312 2389 1521 2440 totum
1556 2379 1891 2462 corrumpi
1929 2381 2235 2442 Curionis
2262 2387 2465 2458 Μιθρῇ
2503 2377 2577 2428 aa

247 2458 603 2520 exercitum
639 2459 842 2542 poss'e.
921 2461 1165 2544 Igitur,
1216 2458 1472 2522 eductis
1506 2459 1911 2542 legionibus,
1958 2475 2029 2525 ut
2062 2463 2235 2524 inter
2258 2445 2621 2514 Pndnfflffm·

245 2559 318 2602 se
365 2552 431 2600 et
471 2541 825 2603 Curionem
867 2561 992 2603 una
1041 2557 1288 2607 tantum
1333 2541 1519 2604 vallis
1561 2543 1925 2618 interess'et,
1984 2558 2237 2606 tentare

242 2620 488 2684 milites
526 2641 646 2705 per
683 2625 832 2686 Sex.
861 2622 1252 2705 Quintilium
1273 2625 1519 2687 varum
1551 2627 1771 2724 coepit
1790 2667 1807 2698 ,
1856 2627 1969 2710 qni
1997 2629 2073 2687 L.
2098 2627 2237 2686 Do-

243 2701 418 2762 mitii
450 2701 740 2788 quaestor
775 2703 856 2765 ad
889 2705 1247 2768 Corfinium
1284 2706 1523 2769 fuerat.
1588 2710 1833 2792 Igitur,
1878 2722 2069 2770 notos
2106 2707 2237 2770 sibi

247 2785 670 2848 centuriones
721 2785 1097 2872 militesque
1145 2789 1583 2874 compellans,
1648 2809 1713 2849 ut
1748 2790 1823 2850 ad
1900 2795 2018 2850 rius
2040 2789 2235 2873 sacra·

239 2881 490 2928 meritum
525 2865 772 2926 redirent
789 2908 807 2939 ,
855 2867 1238 2932 obsecrabat
1255 2911 1274 2945 ,
1317 2870 1797 2952 relinquerentque
1830 2870 1957 2931 ilos
1972 2912 1990 2943 ,
2036 2891 2071 2929 a
2108 2871 2259 2953 qui-¹

241 2943 352 3020 bus
389 2949 536 3026 capti
570 2949 933 3090 perlugarum
969 2954 1027 3010 in
1061 2968 1290 3012 numero
1325 2952 1653 3014 haberemur
1670 2995 1687 3026 ,
1746 2973 1803 3014 et
1838 2971 1939 3032 per
1965 2951 2237 3050 spamam

241 3027 623 3090 cmtmmeliam
685 3051 744 3090 oc
771 3027 1021 3092 vocabulo
1044 3051 1394 3095 notarentur.
1460 3033 1793 3097 Postremo
1818 3035 2234 3118 largitionem

238 3127 276 3170 a
315 3121 488 3171 sect
516 3111 592 3170 P.
623 3111 807 3174 Attio
847 3109 1151 3188 ostentat,
1215 3115 1274 3177 si
1307 3115 1644 3200 prioribus
1678 3117 1975 3199 partibus
2012 3116 2234 3177 conci·

234 3190 505 3252 lientur.
570 3192 674 3253 Ad
698 3191 858 3254 haec
893 3210 1186 3258 neutram
1219 3198 1290 3259 in
1322 3211 1575 3280 partem
1608 3197 2087 3278 significatio‘ne
2118 3219 2236 3260 vo·

235 3271 510 3336 luntatis
547 3271 750 3346 facta,
797 3277 1124 3338 exercitus
1162 3279 1234 3336 in
1267 3275 1467 3338 castra
1500 3277 1757 3338 reducti
1797 3292 1965 3340 sunt.

369 3378 537 3440 LIX.
598 3377 732 3440 Sed
767 3379 997 3440 tentati
1033 3378 1310 3440 militnm
1352 3379 1547 3440 animi
1586 3377 1782 3442 castra
1810 3383 2113 3450 Curionis
2147 3386 2231 3447 ti·
2290 3391 2416 3446 Inde
2440 3407 2609 3448 uocem

235 3479 430 3522 more
471 3475 538 3524 et
571 3459 950 3544 suspicione
987 3459 1500 3542 compleverant.
1583 3465 1777 3536 Nam,
1832 3464 2057 3560 paucis
2092 3489 2229 3528 mu·-
2254 3461 2508 3543 incastris
2525 3465 2623 3518 01⁶·

235 3543 396 3604 tatis
430 3542 946 3616 centurionibus,
999 3541 1200 3604 iidem
1237 3541 1505 3605 ordines
1538 3545 1983 3630 manipulique
2016 3567 2234 3610 mane·
2257 3532 2451 3584 'mm‘

234 3625 432 3698 hant,
479 3627 702 3709 quales
741 3645 822 3686 eo
858 3639 1158 3708 tempore
1192 3623 1489 3698 fuerant,
1534 3648 1731 3711 quum
1766 3627 1847 3689 ad
1877 3627 2235 3692 Corfinium
2378 3617 2397 3646 ’

179 3767 188 3780 ,
233 3723 274 3770 a
312 3707 590 3768 Caesare
630 3722 1054 3791 caperentur:
1098 3723 1438 3790 praeterea
1480 3729 1687 3793 genus
1729 3723 1869 3772 erat
1901 3709 2236 3773 hominum
2298 3771 2324 3786 x

151 3792 168 3800 “
237 3807 328 3850 ex
372 3785 746 3869 municipiis
783 3787 1098 3873 Pompeio
1146 3789 1628 3866 addictiss'imis,
1693 3790 1957 3872 Peligni
2000 3793 2236 3855 Max-'si-

224 3869 398 3956 ’que.
481 3869 663 3930 Haec
699 3871 909 3930 omnia
947 3889 1079 3931 non
1114 3892 1344 3954 parum
1385 3893 1646 3955 magnas
1686 3871 1958 3934 timendi
1994 3875 2233 3935 causs'as

241 3949 660 4028 adferebant,
721 3963 789 4012 et
828 3950 1004 4034 quod
1052 3953 1398 4036 superiore
1433 3967 1669 4029 nocte,
1728 3954 1905 4017 inter
1948 3953 2236 4018 transfu-

314 4143 464 4216 Cap,
486 4141 664 4200 Lvu.
703 4136 962 4214 Appian.
997 4125 1218 4198 Lucan.
1249 4141 1305 4211 4,
1337 4139 1461 4202 655.
1500 4119 1973 4225 Οιςο.“Δρ”Ρ’ἰεω.
2004 4118 2184 4217 'Cacus
