2892 4684
332 470 406 531 U.
449 486 503 525 ο.
522 485 647 538 7¹0·

334 542 409 595 A.

430 542 499 597 C·
531 544 623 607 4²·

336 1758 625 1828 &ustitiam

1673 118 1696 147 Ι

671 258 793 335 420
835 214 2082 327 FREthn.sn1>P1.EfimNTonUM
2095 244 2662 329 2112.anan

674 483 824 539 inter
860 498 956 537 nos
975 514 992 548 ‚
1039 492 1094 535 et
1129 478 1359 554 optimae
1385 474 1507 554 Jpei
1543 479 1976 537 communionem.
2065 473 2251 549 Nam,
2295 492 2362 533 ut
2393 470 2667 553 confidere

672 565 901 621 invicem
940 558 1244 629 debeamus,
1277 554 1510 636 societas
1543 556 1914 637 periculorum
1950 561 2090 639 cogit
2106 580 2126 627 ,·
2170 577 2234 615 ut
2261 556 2514 630 velimus,
2563 578 2668 615 ex-

663 642 851 724 soluta
890 642 995 701 dili
1032 656 1185 698 enter
1221 635 1476 719 promiffa
1519 638 1781 719 efficient.-
1823 640 2042 717 quando
2079 658 2178 698 vos
2218 656 2455 719 operam,
2502 658 2670 718 quam

670 726 843 784 eratis
890 722 983 804 pol
1007 726 1124 783 iciti
1141 760 1158 792 ‚
1222 738 1321 779 nos
1370 724 1614 799 praemia
1668 720 2055 799 praestitimus.
2119 740 2256 799 quae
2297 718 2442 798 fides
2499 740 2556 779 et
2604 724 2670 781 itt

665 806 938 887 posterum
979 807 1121 862 omni
1167 822 1260 861 nos
1303 819 1437 859 cura
1479 805 1703 860 invicem
1744 800 2020 862 liberabit.
2105 804 2236 884 Spes
2279 822 2458 862 autem
2500 822 2670 861 utro-

671 908 899 967 rumque
942 885 1164 967 felicem
1220 882 1348 943 belli
1402 902 1654 941 eventum
1689 880 1801 961 fibi
1855 902 1966 942 tam
2017 906 2088 943 ex
2129 890 2344 945 virtute
2383 884 2664 958 militum,

670 988 831 1048 quam
868 968 1095 1039 ducum,
1142 966 1423 1043 vindicat:
1485 985 1617 1045 quos
1653 963 1792 1024 tales
1834 986 1889 1025 et
1932 986 2113 1028 tantos
2154 971 2341 1037 viros,
2389 966 2668 1047 serutarii

672 1066 851 1109 omnes
888 1048 1101 1108 ordinis
1120 1088 1137 1119 ,
1184 1064 1383 1105 mecum
1424 1048 1484 1115 in
1523 1046 1618 1106 boc
1646 1046 1898 1127 suggestu
1926 1047 2138 1125 stantes
2155 1086 2174 1125 ,
2227 1050 2516 1128 eademque
2559 1070 2664 1113 vo·

672 1130 759 1193 bis
800 1135 977 1189 omnia
1021 1134 1149 1189 meis
1192 1126 1373 1189 verbis
1414 1126 1722 1209 adftrentes
1763 1129 1985 1189 videtis.

796 1261 962 1321 XIII.
1024 1258 1121 1319 De
1158 1258 1431 1341 adparatu
1469 1280 1600 1320 vero
1642 1254 1792 1338 loqui
1818 1256 2275 1339 supervacaneum
2311 1275 2470 1340 puta.
2533 1262 2662 1341 quis

669 1346 809 1403 etaim
850 1342 1087 1419 vestrum
1126 1340 1200 1417 est
1242 1340 1481 1423 nescius,
1514 1340 1812 1421 frumenti,
1855 1360 2154 1414 armorum,
2198 1346 2448 1421 pecuniae
2479 1362 2660 1422 quan-

667 1444 729 1485 ta
767 1442 966 1505 parata
985 1418 1068 1499 fit
1108 1425 1290 1503 copia,
1324 1442 1578 1504 &quanta
1599 1443 1726 1483 vero
1769 1427 1986 1481 navium
2005 1461 2022 1495 ‚
2077 1442 2282 1503 quanta
2321 1424 2660 1485 auxiliorum

666 1527 736 1567 ax
780 1523 862 1564 tot
904 1503 1214 1565 nationibus
1254 1524 1416 1585 atque
1458 1504 1683 1586 regnis?
1726 1503 2001 1584 Ecquibus
2040 1510 2180 1564 enim
2222 1504 2403 1565 verbis
2445 1510 2656 1566 excita-

664 1592 724 1646 ri
760 1602 1023 1668 poterunt
1064 1588 1265 1659 animi,
1317 1606 1447 1667 qnos
1490 1604 1655 1666 neque
1695 1585 2060 1665 adparatuum
2077 1622 2095 1659 ‚
2151 1602 2318 1667 neque
2345 1584 2469 1669 spei
2510 1610 2657 1648 eom—

664 1672 846 1733 munis
895 1667 1212 1749 magnitudo
1264 1666 1691 1745 inflammaverit
1744 1668 1818 1725 ad
1863 1668 2206 1727 alacritatem
2247 1688 2303 1727 et
2343 1671 2658 1731 concordiae

653 1750 899 1828 studium
918 1750 947 1807 ,ἲ
988 1747 1216 1832 Quibus
1246 1749 1407 1809 rebus
1424 1746 1486 1826 si
1515 1750 1765 1808 Deorum
1797 1748 2080 1828 adceffirit
2093 1750 2292 1830 favor,
2335 1770 2468 1831 quos
2499 1755 2655 1831 equi-

287 1847 504 1885 eaussae
520 1846 641 1883 suae
666 1828 787 1894 dem
828 1830 995 1891 bonae
1036 1828 1239 1911 cauffae
1280 1835 1472 1890 merito
1511 1829 1683 1911 adeffi
1723 1832 1993 1891 credimus
2009 1870 2027 1903 ‚
2073 1833 2209 1913 quid
2240 1831 2354 1909 est,
2398 1834 2544 1914 quod
2575 1838 2652 1893 ti..

278 1900 590 1971 praedicat.
616 1914 627 1935 ⁸

320 2382 423 2448 Qui
432 2382 639 2453 patriae

662 1918 801 1973 meri
841 1934 875 1971 a
912 1932 1177 1993 quoquam
1213 1910 1402 1972 debeat
1418 1912 1447 1969 ?
1492 1913 1644 1971 Nam
1683 1911 1750 1973 ab
1788 1911 2020 1989 hostibus
2059 1912 2268 1991 objecta
2304 1916 2560 1994 quomodo
2587 1916 2651 1992 fi.-

660 1996 923 2067 habeant,
972 1993 1191 2071 novistis
1234 1992 1367 2075 ipfi3
1428 2014 1590 2075 eoque
1617 2000 2010 2075 promptiorem
2041 1997 2190 2055 nobis
2227 1995 2491 2073 obtulistis
2519 2014 2644 2078 ope-

658 2098 803 2150 ram,
848 2076 1204 2156 navastisque.
1253 2076 1358 2157 Jed
1400 2092 1578 2135 tamen
1621 2074 1836 2157 referre
1875 2077 2124 2152 videtur,
2173 2076 2314 2136 nunc
2352 2082 2510 2137 etiam
2547 2100 2647 2138 vo·-

661 2160 747 2219 bis
788 2158 1091 2238 explicari,
1152 2177 1313 2237 quam
1352 2156 1616 2238 adversus
1656 2156 1856 2238 injusta
1895 2178 2085 2235 arma,
2141 2178 2198 2219 et
2234 2162 2422 2239 iniqua
2461 2162 2649 2221 inimi·

664 2258 851 2302 corum
890 2240 1015 2299 odia
1056 2240 1389 2301 dimicemus.
2559 2244 2567 2251 ’

787 2372 961 2439 xlv.
1014 2367 1297 2454 Caesarem
1340 2389 1374 2429 a
1416 2358 1571 2431 nobis
1609 2370 1830 2453 occisum
1869 2372 2068 2453 ajunt:
2129 2394 2300 2457 neque
2340 2372 2649 2459 negabimus

284 2450 619 2519 nouas-ane,
648 2455 905 2539 fictum,
970 2474 1075 2535 quo
1098 2455 1242 2533 jure
1288 2455 1484 2511 merito
1535 2472 1592 2512 et
1632 2452 1903 2533 pcffumus
1923 2495 1941 2530 ,
2004 2476 2060 2516 et
2099 2456 2350 2517 debenms
2379 2458 2642 2539 gloriari.

284 2524 454 2571 animo
468 2538 636 2587 quam·

280 2590 370 2641 uis
402 2604 637 2643 amicum

286 2658 618 2712 occidissent.

666 2536 787 2597 Nec
826 2542 967 2597 enim
1000 2532 1311 2616 simultates
1352 2554 1472 2593 cum
1513 2554 1574 2593 eo
1607 2532 1894 2616 gestimus,
1968 2558 2136 2619 neque
2175 2538 2325 2600 nobis
2363 2542 2480 2618 ejus
2522 2545 2644 2599 vita

660 2617 879 2681 nocebat
896 2661 913 2693 ,
994 2622 1051 2677 ui
1088 2616 1316 2677 militiae
1354 2616 1605 2697 domique
1645 2618 1966 2679 honoratum
2007 2622 2154 2703 apud
2193 2642 2313 2681 eum
2351 2618 2524 2681 Iocum
2559 2643 2646 2681 te—

658 2704 898 2762 nuimus.
932 2640 1037 2782 qud
1074 2698 1172 2760 ille
1200 2702 1395 2781 gravit
1436 2692 1706 2773 libertati,
1743 2704 1940 2841 {ravis
1971 2702 2294 2784 reipublicae
2325 2702 2643 2774 incubabat;

653 2798 758 2863 per
805 2802 961 2861 quem
1001 2780 1223 2862 finctum
1278 2799 1400 2839 erat
1418 2820 1435 2852 ‚
1497 2800 1562 2840 ut
1585 2784 1714 2861 jam
1777 2803 1894 2865 eges
1935 2804 2113 2845 omnes
2155 2784 2642 2859 conculcarentur,

655 2881 825 2943 neque
855 2857 1075 2943 sertatui
1115 2862 1427 2943 quidquam,
1475 2883 1642 2943 neque
1677 2862 1877 2944 populo
1901 2864 2065 2944 juris
2105 2870 2163 2927 in
2204 2870 2429 2927 civitate
2470 2867 2644 2925 relina

654 2964 939 3025 queretur.
1026 2944 1253 3003 Patriae
1304 2946 1483 3023 igitur
1525 2944 1726 3005 ultioni
1764 2948 2207 3007 commodavimus
2247 2958 2440 3008 “mama
2457 2989 2474 3021 ‚
2537 2966 2644 3008 non

654 3031 841 3105 ignari
854 3066 872 3099 ‚
902 3022 986 3106 sic
1024 3042 1057 3083 a
1099 3024 1397 3104 maioribus
1438 3024 1589 3085 nobis
1630 3027 1895 3087 traditam
1935 3028 2036 3109 ‘ffi'
2075 3028 2405 3102 libertatem,
2449 3049 2514 3089 ut
2549 3050 2642 3089 re-

656 3108 955 3169 tinentibus
996 3107 1091 3167 hoc
1130 3111 1419 3187 proprium
1460 3126 1516 3167 et
1551 3126 1872 3189 perpetuum
1913 3109 2108 3170 bonum
2147 3108 2308 3189 effit‚·
2347 3111 2642 3193 prodentes
2731 3129 2738 3137 ·

656 3206 712 3251 et
762 3188 943 3265 nostra
992 3186 1235 3265 stultitia
1292 3208 1348 3247 et
1402 3206 1680 3270 conceptae
1715 3192 2096 3270 jurejurando
2151 3192 2308 3253 dirae
2353 3196 2637 3274 punirent.

656 3272 811 3331 Haec
850 3274 1027 3351 igitur
1067 3270 1247 3342 mala,
1295 3268 1389 3328 bas
1429 3275 1872 3351 imprecationes,
1917 3274 2097 3350 nostro
2134 3274 2416 3355 periculo,
2459 3273 2642 3355 publi-

656 3373 715 3413 co
754 3354 1021 3411 commodo
1037 3392 1053 3425 ,
1100 3372 1134 3409 a
1172 3350 1470 3412 cervicibus
1510 3351 1667 3411 urbis
1697 3352 2036 3433 depulimu53
2082 3378 2142 3415 re
2179 3376 2310 3415 nare
2340 3356 2536 3416 Romae
2573 3376 2640 3415 ne

652 3434 882 3493 micum
922 3434 1137 3513 quidem
1178 3449 1233 3493 et
1276 3433 1335 3493 in
1376 3454 1474 3493 nos
1513 3430 1792 3493 liberalem
1827 3440 2014 3496 virum
2044 3377 2197 3519 paffi,
2240 3436 2512 3517 postquam
2541 3436 2640 3495 ille

650 3518 867 3596 patriae
881 3556 898 3589 ,
943 3534 977 3573 a
1014 3534 1119 3595 qua
1163 3533 1319 3575 tanta
1358 3516 1677 3594 adceperat,
1721 3520 2004 3577 caritatem
2045 3540 2242 3577 exuere
2285 3540 2392 3577 non
2431 3518 2505 3595 est
2541 3540 2640 3579 ve·

652 3592 823 3655 ritus.
909 3594 1173 3674 Fortaffls
1227 3616 1405 3656 autem
1457 3595 1634 3672 vestra
1689 3615 1896 3677 quoque
1936 3622 2083 3659 mens
2123 3600 2413 3680 aliquando
2452 3600 2537 3660 bis
2577 3603 2641 3661 in

548 3750 561 3763 ι
653 3676 813 3737 rebus
859 3677 1115 3760 caligavit
1132 3716 1151 3751 ,
1196 3677 1428 3761 fulgore
1467 3677 1788 3758 praestricta
1823 3677 2138 3741 bellicorum
2176 3701 2438 3763 operum,
2503 3701 2638 3763 quae

650 3762 743 3820 vir
782 3758 902 3834 ille,
950 3779 1114 3839 quum
1138 3757 1249 3839 fibi
1274 3758 1594 3840 praestaret,
1636 3764 1851 3840 patriae
1880 3762 2202 3843 imputabat.
2247 3782 2308 3823 at
2337 3784 2482 3822 nunc
2513 3783 2638 3823 cer-

652 3858 707 3903 te
736 3836 868 3919 fieri
910 3860 1017 3901 non
1055 3840 1242 3921 potest,
1288 3844 1421 3921 quin
1461 3844 1672 3901 veritas
1735 3863 1764 3901 e
1805 3842 1953 3904 vobis
1993 3844 2288 3925 patefaciat
2325 3866 2394 3904 ex
2420 3842 2636 3927 firmis-

638 3920 798 4004 fibnis
838 3926 1172 4016 argumentis
1191 3960 1209 3997 ,
1270 3942 1403 4018 quae
1445 3920 1535 3982 vel
1574 3920 1640 3982 ab
1715 3926 1764 3982 is
1805 3924 1964 3985 rebus
1981 3967 1998 3999 ,
2055 3930 2115 3987 in
2155 3927 2348 4009 quibus
2388 3927 2539 3989 vobis
2579 3946 2640 3987 et

653 4022 805 4065 cerea
846 4006 1045 4067 notitia
1085 4022 1139 4066 et
1173 4004 1480 4103 plurimum
1502 4004 1668 4084 juris
1707 4000 1809 4085 effi·
1849 4006 2006 4068 debet
2022 4050 2040 4085 ,
2075 4008 2522 4091 fitppeditantur.

2257 4140 2404 4210 XV.
2445 4144 2556 4205 Vos
