2892 4684
590 268 677 331 m
720 264 1017 329 Locum
1054 269 1225 365 ij.
1256 235 1590 369 cxxan.
1631 268 1858 335 mvn.
2093 266 2216 351 εις

265 487 395 535 tuin
428 476 689 537 Caes'ari
727 474 1013 539 tradidit.
1095 482 1319 561 Neque
1354 479 1604 545 dedidit
1635 486 2000 567 reposcenti
2025 485 2218 545 Pom·
2275 472 2346 533 Π·
2377 490 2428 529 ⁶·
2452 470 2604 545 7¹⁴⁰.

268 557 417 638 pejo
449 558 721 629 Caesar,
780 560 857 620 ab
898 559 1041 642 ipso
1082 560 1311 621 violata
1348 560 1612 623 foedera
1637 606 1656 635 ‚
1717 566 2006 646 fugitivis
2047 564 2214 625 reci·
2273 541 2545 602 ⁸⁸03&
2602 607 2610 615 »

273 638 563 718 piendis,
626 640 1001 701 triremibus
1042 638 1486 715 aedificandis,
1543 646 1900 707 retinendis
1940 647 2004 706 in
2039 644 2216 707 Italia

272 720 651 859 ξηεεὶἀίἱε,
698 742 997 803 arguens.
1080 721 1249 815 Quin
1306 736 1370 784 et
1414 727 1658 807 magnis
1703 726 2054 789 honoribui
2104 726 2215 787 ad-

310 800 437 859 ecit
466 804 753 874 Menam,
797 803 1209 885 adseruitque
1241 803 1305 863 in
1338 804 1791 886 ingenuitatem
1811 850 1830 880 ,
1871 822 1936 868 et
1967 806 2214 867 annulis

194 896 201 901 ’
276 880 451 1020 :35:12
458 884 881 1025 ‘53:333
884 881 2214 1051 ”03?q¹¹.53;⁶{¹2.f2‡?333'¹¹133102'21‘1230‘223

272 1042 489 1103 nulum
542 1065 803 1105 aureum
843 1044 1109 1107 dicebat.
1221 1048 1470 1109 Coenae
1525 1070 1778 1131 quoque
1833 1070 1982 1111 suae
2037 1047 2214 1110 adbi-

270 1122 449 1183 buit:
517 1146 701 1206 quem
750 1125 1063 1186 honorem
1105 1127 1303 1199 nulli,
1362 1148 1484 1189 nec
1527 1144 1745 1199 antea,
1807 1150 1928 1191 nec
1967 1128 2210 1212 postea,

272 1203 581 1265 libertino
626 1200 909 1267 habuiss‘e
948 1205 1243 1267 traditur.
1341 1210 1464 1269 His
1507 1212 1822 1293 cognitis,
1869 1210 2215 1292 Pompeius

270 1286 723 1358 Menecratem,
768 1302 833 1349 et
868 1288 1078 1371 ipsum
1114 1289 1410 1350 libertum
1448 1313 1657 1361 suum,
1695 1292 1774 1352 ad
1809 1290 2216 1353 infestandam

272 1366 493 1427 Italiae
535 1388 707 1431 oram
748 1367 927 1445 misit
949 1410 967 1435 .
1009 1389 1042 1428 a
1080 1390 1207 1453 qno
1236 1371 1618 1433 Vulturnum
1657 1386 1723 1434 et
1758 1376 1876 1436 alia
1911 1370 2215 1458 quaedam

274 1447 647 1531 Campaniae
686 1451 830 1513 loca
874 1447 1095 1513 vastata
1134 1464 1299 1513 sunt.
1900 1448 1909 1457 ”

396 1568 505 1629 lx.
548 1569 794 1633 Idcirco
826 1572 1099 1645 Caesar,
1144 1574 1319 1635 velut
1354 1574 1764 1635 necefl'arium
1805 1574 2038 1635 bellum
2077 1596 2214 1637 sus·
2273 1576 2560 1641 Anneius,

258 1664 580 1731 *cepturus
603 1694 619 1721 ,
662 1652 902 1714 tabulas
930 1656 1087 1714 Pom
1138 1654 1302 1733 ejani
1340 1654 1629 1715 foederis
1667 1657 1915 1737 recepit
1949 1678 1980 1713 a
2003 1654 2216 1719 Vesta·
2240 1646 2613 1698 “mnne“-

274 1730 482 1803 libus,
542 1751 619 1791 ex
662 1734 882 1795 Africa
923 1736 1015 1793 Le
1066 1676 1267 1805 idum,
1332 1735 1408 1796 ab
1448 1735 1716 1795 Athenis
1755 1738 2096 1796 Antonium
2141 1712 2582 1832 ade5‘!''‘3⁷¹“:3³s‘

276 1812 797 1874 communicanda
842 1758 1109 1876 consiYia
1152 1815 1350 1877 ciens.
1446 1815 1574 1875 Sed
1609 1814 1890 1898 Lepidus
1929 1816 2002 1875 ad
2043 1818 2218 1893 traji-
2242 1796 2372 1833 ”¹⁰⁰
2399 1798 2432 1833 ν
2511 1787 2557 1832 ‘⁶

235 1892 571 1953 ·ciendum
614 1893 733 1955 suit
772 1896 1051 1978 segnior.
1152 1897 1470 1957 Antonius
1521 1916 1674 1956 vere
1725 1898 1932 1978 primo
1983 1898 2216 1957 cultum

272 1974 679 2056 animumque
730 1976 1141 2058 Imperatoris
1194 1990 1670 2061 resumpserat3
1735 1997 2056 2059 navesque
2105 1976 2218 2038 de-

272 2054 425 2115 duci
459 2054 713 2133 juss'erat
745 2056 819 2117 ad
844 2056 1211 2118 Parthicum
1242 2058 1502 2117 bellum.
1583 2060 1682 2118 Eo
1713 2058 2218 2125 celeriusBrun-
2307 2067 2312 2076 “
2515 2088 2536 2121 9

273 2136 508 2196 disium
558 2138 751 2198 venit.
860 2137 1027 2211 Sed,
1092 2139 1205 2199 ubi
1254 2136 1467 2199 statum
1516 2136 1592 2199 ad
1637 2136 1804 2198 diem
1847 2156 1973 2198 non
2014 2136 2220 2199 adfuit
2307 2140 2352 2153 “’

276 2219 547 2288 Caesar,
607 2218 751 2299 qui,
798 2230 928 2278 tum
971 2220 1035 2277 in
1073 2220 1367 2280 Etruscis
1406 2239 1640 2300 agens,
1685 2221 1982 2278 Ravenna
2025 2238 2216 2279 naves

273 2296 537 2379 longas,
582 2318 658 2359 ex
689 2300 893 2361 Gallia
935 2300 1152 2382 copias
1192 2318 1331 2359 cum
1372 2298 1672 2381 adparatu
1703 2298 2113 2359 Brundisium
2153 2312 2220 2359 et

272 2378 583 2439 Puteolos
626 2380 952 2451 mittebat,
1016 2379 1205 2439 utrim
1258 2400 1337 2441 ue
1384 2380 1718 2441 invasurus
1775 2380 2094 2449 Siciliam,
2158 2378 2216 2439 si

274 2458 446 2519 idem
480 2460 759 2521 Antonio
799 2461 1162 2539 videretur3
1208 2462 1357 2534 ite,
1403 2461 1539 2521 sive
1585 2461 2020 2541 magnitudine
2059 2460 2216 2521 Cae·
2277 2456 2380 2511 Sed
2401 2472 2524 2509 ⁶⁸⁶2

274 2538 513 2600 sariani
565 2540 637 2600 ad
691 2556 899 2603 aratus
950 2555 1344 2615 nummatus,
1410 2542 1586 2620 (nam
1639 2542 1704 2601 in
1756 2543 2059 2602 societate
2100 2561 2216 2623 po·
2242 2519 2582 2659 ἷιεςζτὶὲξ.

274 2620 517 2681 tentiae
578 2624 963 2704 colegarum
1018 2642 1173 2705 opes
1228 2622 1440 2705 aegris
1497 2621 1699 2683 oculis
1751 2620 2215 2716 adspiciuntur)
2243 2664 2368 2716 tuit.

279 2702 423 2762 sive
458 2702 761 2783 prodigio
792 2705 1089 2772 territus,
1134 2705 1198 2763 in
1230 2704 1558 2765 Graeciam
1597 2702 1810 2763 rediit.
1856 2723 2092 2785 quippe
2123 2702 2220 2762 se·

278 2802 393 2843 rae
424 2782 711 2854 militem,
760 2784 929 2844 circa
960 2784 1433 2845 tabernaculum
1466 2785 1602 2863 ejus
1632 2782 2065 2853 excubantem,
2109 2782 2226 2843 de-

278 2878 683 2935 voraverant,
731 2863 865 2924 sola
898 2862 1064 2925 facie
1098 2866 1281 2945 quasi
1318 2864 1381 2923 in
1414 2864 1538 2925 boc
1570 2864 1815 2935 relicta,
1857 2876 1926 2924 ut
1961 2863 2224 2944 agnosci

276 2944 525 3027 poss'et3
586 2945 981 3026 augebatque
1024 2944 1447 3025 religionem,
1507 2944 1678 3027 quod
1727 2964 1936 3025 neque
1985 2946 2224 3005 clamor

278 3023 534 3085 auditus
560 3026 715 3087 ess'et
735 3025 1087 3109 pereuntis,
1132 3045 1341 3109 neque
1370 3040 1728 3087 ceterorum
1759 3025 2018 3106 vigilum
2045 3024 2222 3107 quis·

284 3124 471 3187 quam
506 3104 847 3189 quidquam
874 3106 1187 3168 sensiss'et.
1274 3105 1401 3168 Sed
1424 3105 1800 3167 Brundisini
1833 3104 2086 3185 quidam
2115 3124 2221 3163 re-

280 3186 606 3257 tulerunt,
667 3186 787 3247 sub
826 3186 1139 3248 orientem
1181 3186 1347 3248 diem
1382 3208 1415 3246 a
1455 3207 1527 3247 se
1562 3187 1782 3251 visum‘
1805 3186 1931 3247 ess'e
1965 3186 2215 3267 lupum,

282 3284 477 3328 cursu
516 3287 587 3329 se
619 3266 1082 3350 proripientem
1119 3287 1195 3329 ex
1230 3268 1548 3330 tentoriis.

407 3390 489 3450 X.
530 3390 674 3471 lpse
699 3430 716 3460 ,
760 3388 1018 3472 scriptis
1048 3388 1125 3450 ad
1153 3389 1489 3451 Caesarem
1519 3388 1760 3459 literis,
1803 3382 2220 3447 festinandum

290 3468 419 3531 sibi
454 3468 720 3531 ostendit
757 3468 835 3531 ad
860 3470 1225 3533 Parthicum
1268 3470 1540 3534 bellum:
1599 3482 1947 3550 auctorque
1993 3467 2074 3545 ei
2097 3464 2222 3527 fuit

285 3568 419 3609 non
453 3548 831 3612 discedendi
860 3573 893 3611 a
926 3550 1323 3613 foederibus.
1402 3549 1760 3611 Menodoro
1797 3569 1921 3630 quo
1973 3567 2074 3617 ue,
2119 3544 2224 3606 cui

286 3628 449 3691 belli
486 3632 745 3691 causs'am
779 3631 1155 3717 imputabat,
1201 3632 1573 3694 servitutem
1599 3632 1868 3691 minatus
1900 3649 1934 3690 e
2007 3670 2024 3697 ,
2068 3640 2222 3688 tam-

290 3730 475 3793 quam
508 3710 783 3793 fugitivo
810 3733 929 3779 suo
949 3756 967 3785 ,
1012 3713 1183 3797 quod
1217 3712 1515 3774 nimirum
1545 3710 1836 3793 Pompeii
1860 3708 2074 3791 Magni
2105 3706 2254 3767 bo·'

286 3812 371 3853 Μ
392 3832 420 3865 r
460 3791 527 3853 in
558 3790 789 3876 quibus
820 3806 885 3855 et
908 3794 1300 3857 Menodorus
1338 3808 1470 3856 tum
1505 3792 1752 3865 suerat,
1807 3803 2014 3875 empta
2053 3808 2090 3849 a
2124 3786 2224 3848 di-

358 3978 503 4051 Cap.
536 3980 699 4035 vm.
750 3980 993 4036 Sueten.
1025 3980 1176 4055 Aug.
1203 3998 1293 4049 7²·
1342 3978 1592 4050 Appian.
1644 3976 1779 4031 Dio.
1829 3976 2072 4055 Sueton-
2110 3974 2226 4044 Ap-

334 4048 451 4103 ian.
486 4048 619 4103 Dio.
692 4048 771 4103 Ca
822 4086 838 4104 .
872 4050 983 4105 lxo
1008 4049 1135 4107 Liv.
1163 4048 1320 4122 Epit.
1355 4048 1494 4102 Dio.
1526 4046 1782 4120 Appiam.
1815 4040 2224 4115 Dio-Appian-

348 4132 441 4189 ορ.
474 4118 549 4173 X.
592 4117 729 4174 Dio.
813 4116 1013 4193 ppian.
