2892 4684
340 468 415 529 U.
449 489 505 529 c.

342 544 419 598 A.
448 544 518 599 c.
554 540 645 612 48.

528 492 566 543 ⁷
605 473 671 539 4..

689 220 810 327 ηδ
856 260 1266 327 Fassmsn.
1292 258 2140 365 mammeam
2155 262 2305 325 nm.
2324 264 2650 331 Lxxvn.

686 489 753 539 et
782 474 1051 535 minimo
1078 472 1335 556 pretias
1382 484 1454 533 ut
1491 470 1782 535 libertati
1823 472 2342 536 restituerentur.
2401 472 2513 540 hic
2539 497 2680 541 mo-

686 556 808 623 dus
891 558 1177 617 lacuerat
1216 555 1305 615 ita
1340 554 1758 616 ulciscendae
1797 556 2276 629 contumaciae,
2343 577 2429 618 ne
2471 572 2688 621 tamen

684 580 1094 701 vetul’lill'ima
1131 638 1363 699 civitas
1408 656 1690 719 prorsus
1731 637 2059 700 interiret.
2145 642 2376 720 Neque
2417 630 2688 703 silentio

682 719 1234 807 praetereundum
1292 731 1550 801 -ropter
1589 718 1946 781 novitatem
1982 718 2211 793 casus,
2269 720 2454 803 quod
2510 723 2690 784 inter

683 800 1072 885 capiendum
1106 802 1263 886 oppi
1314 821 1419 861 um
1459 800 1658 863 soluti
1692 801 1959 875 leones,
2007 820 2172 885 quos
2210 802 2303 864 ibi
2335 804 2408 865 C.
2436 805 2690 866 Caffius

604 904 626 911 ’
684 884 922 946 aedilis
956 884 1332 967 designatus
1368 882 1602 955 alebat,
1639 882 1708 943 in
1739 885 1923 967 ipsos
1943 888 2392 981 Megarenses,
2431 885 2544 970 qui
2573 908 2694 947 au-

341 1426 539 1483 Rmaee
547 1426 661 1495 fia-

310 1508 427 1553 sus.

332 2626 559 2684 Dec-nu
572 2643 665 2683 ur·
696 2614 701 2619 ⁸

313 2700 575 2751 banorum
606 2699 665 2751 ae'n

312 2768 559 2819 honorem

315 2838 599 2892 Caesaris.

683 966 911 1028 xiiium
948 965 1213 1050 aliquod
1248 964 1403 1025 inde
1440 979 2015 1049 exspectaverant,
2062 980 2437 1040 irruerunt,
2484 966 2694 1029 adeo-

682 1066 815 1133 que
867 1048 1364 1131 discerpserunt
1409 1047 1694 1120 multos,
1760 1062 1832 1109 ut
1869 1046 2168 1110 'hostibus
2223 1050 2414 1110 etiam
2465 1049 2692 1111 dolori

684 1129 1124 1213 spectaculum
1156 1130 1337 1191 effet.
1426 1132 1484 1189 A
1515 1129 1804 1224 Megaris
1834 1131 2061 1193 Patras
2097 1130 2279 1203 itum.
2321 1150 2328 1159 ·
2357 1130 2488 1193 Sed
2521 1132 2688 1194 Cato

684 1213 1065 1307 ceterique,
1116 1222 1402 1296 recepto
1445 1210 1820 1295 pracsidi0‚
1883 1232 2110 1299 magna
2153 1212 2342 1275 claffe
2385 1213 2690 1295 Cyrenen

683 1306 1041 1378 petierunt.
1695 1330 1700 1335 -
2217 1300 2222 1309 '

805 1427 1032 1490 LVlll.
1080 1428 1253 1489 Dum
1284 1422 1447 1487 haec
1487 1423 1772 1492 diversis
1810 1426 2074 1512 imperii
2112 1426 2407 1509 partibus
2443 1445 2688 1509 gerun-

682 1521 831 1583 tur,
879 1512 1116 1583 Roma,
1162 1530 1292 1571 non
1331 1505 1454 1583 iam
1493 1522 1685 1593 caput
1721 1528 1979 1583 rerum,
2038 1508 2154 1569 sed
2193 1506 2438 1591 praeda
2475 1508 2687 1570 victo-

680 1588 816 1663 ris,
863 1592 993 1651 utri
1032 1589 1449 1653 serviendum
1489 1588 1694 1663 foret,
1741 1610 1856 1652 exs
1909 1589 2182 1652 ectabat.
2249 1588 2333 1651 Ut
2361 1589 2532 1651 enim
2561 1590 2692 1651 mi·
2729 1650 2736 1657 ,

681 1662 871 1734 litum
906 1672 1205 1734 Caesaris
1242 1686 1309 1735 et
1342 1673 1634 1735 consulis
1675 1672 1871 1735 Servi
1902 1672 1949 1733 ii
1983 1690 2300 1756 praesens
2337 1686 2551 1733 metus
2587 1684 2692 1733 ta-

682 1772 843 1815 cere
870 1754 1304 1837 Pompeianos
1326 1796 1341 1826 ,
1391 1768 1458 1815 et
1493 1752 1883 1816 dissimilem
1918 1756 2132 1815 animo
2171 1753 2417 1815 vultum
2448 1752 2688 1814 intlue-

682 1855 761 1897 re
800 1831 1149 1919 coeg‘erm
1192 1836 1279 1917 ita
1313 1836 1673 1897 clanculum
1706 1836 2064 1898 rumusculi
2101 1832 2543 1917 captabantur,
2591 1848 2682 1907 et,

684 1915 840 1978 dum
878 1918 1203 2002 quidlibet
1229 1918 1537 1989 timetur,
1599 1933 1705 1981 aut
1749 1917 2076 1992 creditur,
2144 1936 2250 1977 sae
2303 1914 2402 1977 ius
2453 1914 2688 1977 eadem

684 1998 795 2065 die
836 2000 1185 2061 contrariis
1229 1998 1490 2061 nunciis
1533 2000 1731 2062 animi
1773 2000 2076 2061 diversos
2111 1999 2179 2061 in
2215 2020 2248 2057 a
2299 1997 2508 2060 fectus
2547 1996 2688 2057 dis·-
2733 2056 2742 2063 ,

682 2080 1128 2163 trahebantur.
1214 2080 1549 2151 Postremo
1582 2082 1994 2144 Pharsalicae
2031 2100 2286 2164 pugnae
2325 2078 2531 2151 fama,
2575 2079 2690 2140 vix

681 2160 942 2223 tandem
969 2160 1240 2236 credita,
1289 2166 1468 2242 (nam
1496 2178 1560 2225 et
1593 2165 1832 2227 Caesar
1909 2184 1984 2225 er
2016 2163 2304 2247 speciem
2335 2158 2686 2223 modestiae

686 2242 983 2306 scribere
1028 2244 1111 2305 ad
1152 2260 1445 2306 senatum
1487 2245 1825 2326 noluerat)
1909 2245 2162 2306 ulianos
2210 2262 2436 2303 omnes
2486 2242 2682 2302 rede-

682 2324 821 2407 gitz
878 2326 1307 2409 certatimque
1351 2326 1478 2387 hoc
1520 2328 1830 2410 agebatur
1870 2328 2046 2390 inter
2085 2324 2552 2389 nobiliss'irnos.
2610 2336 2686 2385 ut

683 2425 809 2489 pro
848 2427 921 2469 se
949 2407 1227 2493 quisque
1259 2408 1535 2471 maxime
1570 2411 1832 2493 gavisus
1867 2408 1988 2471 hac
2019 2407 2294 2471 victoria
2325 2404 2538 2469 videri
2569 2422 2684 2466 cu·

684 2502 900 2572 peret.
2147 2504 2155 2509 ·

813 2619 981 2679 Lnt.
1025 2620 1052 2680 1
1101 2618 1267 2693 itur,
1316 2619 1495 2703 quod
1531 2620 1628 2684 sic
1665 2620 1963 2683 animatis
1995 2620 2364 2703 proximum
2401 2612 2526 2692 est,
2568 2639 2686 2679 ru-

694 2714 879 2763 entes
914 2701 982 2761 in
1002 2640 1486 2775 -affulationem,
1533 2702 1848 2787 quidquid
1881 2702 2238 2785 excogitari
2267 2700 2516 2786 potuit,
2565 2699 2686 2761 de-

694 2784 1044 2855 creverunt
1058 2803 1079 2861 3
1127 2802 1259 2843 non
1292 2784 1415 2865 jam
1447 2798 1621 2845 metu
1653 2785 1860 2845 solum
1883 2827 1900 2857 ‚
1947 2804 2030 2845 ne
2069 2783 2274 2846 odiss'e
2311 2782 2545 2845 felices
2582 2780 2686 2843 vi-

694 2863 1011 2933 derentur
1035 2906 1051 2938 ‚
1112 2864 1235 2927 sed
1274 2885 1391 2949 spe
1433 2884 1697 2949 quoque
1733 2864 2056 2927 honorum
2091 2885 2456 2961 opumque,
2521 2884 2684 2947 quas

688 2947 1041 3013 a‚Caesare
1078 2946 1558 3030 exspectabant,
1603 2960 1922 3031 tamquam
1959 2945 2206 3031 aliquid
2241 2948 2306 3009 ei
2338 2946 2496 3009 dare
2575 2965 2686 3005 os·-

692 3042 839 3093 sent
856 3044 890 3101 ,·
986 3028 1116 3089 uod
1156 3050 1283 3089 non
1330 3029 1516 3111 prius
1561 3028 1624 3090 ei
1671 3028 1944 3092 dediss'et
1985 3030 2282 3090 victoria.
2364 3030 2529 3090 Puta
2577 3037 2688 3089 ant

686 3124 905 3174 tamen
940 3049 1103 3188 ⁴{nec
1142 3110 1564 3190 fallebantur)
1605 3112 1820 3195 magni
1861 3108 2364 3183 aestimatur-um,
2425 3110 2484 3171 si
2517 3108 2683 3191 jam,

690 3192 857 3276 quae
892 3192 1051 3254 alias
1088 3213 1206 3253 auo
1238 3192 1552 3253 arbitratu
1593 3206 1660 3257 et
1698 3194 1765 3257 vi
1803 3212 2130 3257 armorum
2171 3191 2462 3274 facturus
2503 3202 2684 3262 erat,

689 3274 759 3339 id
809 3276 952 3356 jure
990 3273 1229 3345 efacere
1280 3272 1773 3337 existimaretur.
1858 3274 2064 3358 Igitur
2105 3288 2173 3336 et
2207 3274 2329 3335 alia
2361 3272 2689 3336 honorum

578 3368 587 3378 “
691 3376 991 3499 cuiquam
1029 3369 1215 3419 antea
1246 3356 1511 3418 decreta
1543 3358 1981 3429 contulerunt,
2031 3370 2096 3419 et
2129 3376 2298 3419 nova
2332 3354 2688 3438 plen-aquea

688 3442 774 3503 uti
850 3461 875 3497 e
906 3438 1255 3519 Pompegjanis
1273 3480 1291 3513 ,
1339 3439 1790 3517 quemadmodum
1825 3443 1874 3497 ei
1905 3439 2227 3507 videretur,
2272 3440 2353 3495 ita
2371 3438 2689 3513 statueret:

616 3562 629 3583 .
688 3518 911 3593 bellum,
952 3542 1038 3581 cuz
1070 3516 1259 3596 vellet,
1294 3520 1544 3601 fist-eret,-
1599 3538 1803 3600 pacem,
1843 3523 1933 3581 cui
1960 3517 2148 3591 vellet,
2193 3519 2390 3578 daret:
2435 3508 2684 3577 uti'con-

675 3600 923 3682 ficlatum
952 3605 1015 3661 in
1036 3604 1484 3681 quinquennium,
1531 3600 1876 3661 tribunitiam
1903 3600 2216 3680 potestatem
2247 3604 2308 3659 in
2333 3617 2682 3681 perpetuum,
2755 3652 2760 3661 .

687 3682 1023 3742 dictaturam
1044 3686 1115 3751 „iu
1144 3702 1347 3741 annum
1378 3685 1656 3765 integrum
1683 3686 1980 3763 acciperet:
2025 3681 2364 3760 triumphum
2383 3699 2586 3761 quoque
2611 3678 2682 3738 de

694 3760 887 3837 Julm,
946 3782 1265 3844 quamquam
1309 3760 1448 3821 bello
1495 3762 1736 3823 nondum
1779 3780 1960 3842 coepto
1997 3765 2158 3843 geri,
2219 3760 2680 3824 decreverunt.

692 3844 923 3929 Neque
968 3845 1225 3906 minore
1272 3840 1480 3907 studio
1527 3843 1718 3929 plebs
1749 3844 2024 3929 agebat,
2070 3841 2468 3915 miscendis,
2515 3862 2684 3927 quae

765 4034 915 4106 Cap.
944 4032 1129 4089 LVII.
1181 4032 1337 4089 Plut.
1386 4032 1596 4096 Bruto,
1633 4048 1686 4087 c.
1721 4032 1807 4089 13.
1855 4030 1996 4087 Dio.
2032 4032 2319 4099 Lucamq,
2345 4029 2436 4093 34.
2467 4037 2525 4083 et
2549 4042 2679 4102 seq.

698 4101 845 4173 Cap.
880 4102 1089 4159 Lvul.
1140 4102 1280 4159 Dio.
1334 4100 1464 4159 cic.
1491 4099 1642 4158 Phil.
1681 4106 1775 4172 14,
1803 4099 1862 4158 8.
1913 4100 2050 4159 Dio.
2139 4100 2288 4173 Cap.
2323 4098 2473 4157 mx.
2518 4098 2679 4156 Plut.

697 4164 869 4227 Caes.
904 4169 1045 4227 Dio.

2861 650 2878 686 d

2875 840 2880 875 1

2874 924 2880 958 J
