<?xml version="1.0" encoding="UTF-8"?>
<!DOCTYPE html PUBLIC "-//W3C//DTD XHTML 1.0 Transitional//EN"
    "http://www.w3.org/TR/xhtml1/DTD/xhtml1-transitional.dtd">
<html xmlns="http://www.w3.org/1999/xhtml" xml:lang="en" lang="en">
 <head>
  <title>
</title>
<meta http-equiv="Content-Type" content="text/html;charset=utf-8" />
  <meta name='ocr-system' content='tesseract 3.04.00' />
  <meta name='ocr-capabilities' content='ocr_page ocr_carea ocr_par ocr_line ocrx_word'/>
</head>
<body>
  <div class='ocr_page' id='page_1' title='image "./tliviipatavinih25unkngoog_0145.png"; bbox 0 0 2892 4684; ppageno 0'>
   <div class='ocr_carea' id='block_1_1' title="bbox 730 38 741 72">
    <p class='ocr_par' dir='ltr' id='par_1_1' title="bbox 730 38 741 72">
     <span class='ocr_line' id='line_1_1' title="bbox 730 38 741 72; baseline 0 0"><span class='ocrx_word' id='word_1_1' title='bbox 730 38 741 72; x_wconf 71' lang='grc' dir='ltr'><strong><em>Ι</em></strong></span> 
     </span>
    </p>
   </div>
   <div class='ocr_carea' id='block_1_2' title="bbox 618 156 2280 287">
    <p class='ocr_par' dir='ltr' id='par_1_2' title="bbox 618 156 2280 287">
     <span class='ocr_line' id='line_1_2' title="bbox 618 156 2280 287; baseline -0.002 -16"><span class='ocrx_word' id='word_1_2' title='bbox 618 208 708 273; x_wconf 76' lang='lat' dir='ltr'><strong>m</strong></span> <span class='ocrx_word' id='word_1_3' title='bbox 755 206 1063 271; x_wconf 75' lang='lat' dir='ltr'><strong>Loctm</strong></span> <span class='ocrx_word' id='word_1_4' title='bbox 1114 208 1283 283; x_wconf 77' lang='lat' dir='ltr'>LIB-</span> <span class='ocrx_word' id='word_1_5' title='bbox 1326 206 1550 270; x_wconf 84' lang='lat' dir='ltr'><strong>cxm.</strong></span> <span class='ocrx_word' id='word_1_6' title='bbox 1603 206 1836 275; x_wconf 74' lang='lat' dir='ltr'><strong>mvn.</strong></span> <span class='ocrx_word' id='word_1_7' title='bbox 2131 156 2280 287; x_wconf 24' lang='lat'><strong>⁸49·</strong></span> 
     </span>
    </p>
   </div>
   <div class='ocr_carea' id='block_1_3' title="bbox 1308 344 2224 373">
    <p class='ocr_par' dir='ltr' id='par_1_3' title="bbox 1308 344 2224 373">
     <span class='ocr_line' id='line_1_3' title="bbox 1308 344 2224 373; baseline 0 4311"><span class='ocrx_word' id='word_1_8' title='bbox 1308 344 2224 373; x_wconf 95' lang='lat' dir='ltr'><strong> </strong></span> 
     </span>
    </p>
   </div>
   <div class='ocr_carea' id='block_1_4' title="bbox 214 407 2617 1155">
    <p class='ocr_par' dir='ltr' id='par_1_4' title="bbox 214 407 2617 1155">
     <span class='ocr_line' id='line_1_4' title="bbox 214 407 2617 500; baseline -0 -24"><span class='ocrx_word' id='word_1_9' title='bbox 214 414 508 488; x_wconf 81' lang='lat' dir='ltr'><strong>diebat,</strong></span> <span class='ocrx_word' id='word_1_10' title='bbox 570 435 758 478; x_wconf 83' lang='lat' dir='ltr'><strong>more</strong></span> <span class='ocrx_word' id='word_1_11' title='bbox 794 416 1001 500; x_wconf 74' lang='lat' dir='ltr'><strong>magis</strong></span> <span class='ocrx_word' id='word_1_12' title='bbox 1042 416 1356 489; x_wconf 84' lang='lat' dir='ltr'><strong>militiae,</strong></span> <span class='ocrx_word' id='word_1_13' title='bbox 1423 436 1612 499; x_wconf 81' lang='lat' dir='ltr'><strong>quam</strong></span> <span class='ocrx_word' id='word_1_14' title='bbox 1653 415 1984 499; x_wconf 78' lang='lat' dir='ltr'><strong>pugnandi</strong></span> <span class='ocrx_word' id='word_1_15' title='bbox 2019 416 2240 479; x_wconf 84' lang='lat' dir='ltr'><strong>consi-</strong></span> <span class='ocrx_word' id='word_1_16' title='bbox 2299 408 2374 464; x_wconf 76' lang='grc' dir='ltr'><strong>Ἡ·</strong></span> <span class='ocrx_word' id='word_1_17' title='bbox 2409 425 2462 463; x_wconf 77' lang='lat'><strong>⁶·</strong></span> <span class='ocrx_word' id='word_1_18' title='bbox 2489 407 2617 475; x_wconf 78' lang='lat'><strong>7⁰5·</strong></span> 
     </span>
     <span class='ocr_line' id='line_1_5' title="bbox 214 478 2603 583; baseline 0.001 -24"><span class='ocrx_word' id='word_1_19' title='bbox 214 496 362 569; x_wconf 83' lang='lat' dir='ltr'><strong>lio,</strong></span> <span class='ocrx_word' id='word_1_20' title='bbox 436 498 661 559; x_wconf 81' lang='lat' dir='ltr'><strong>facere</strong></span> <span class='ocrx_word' id='word_1_21' title='bbox 709 519 933 581; x_wconf 82' lang='lat' dir='ltr'><strong>regem</strong></span> <span class='ocrx_word' id='word_1_22' title='bbox 987 513 1255 583; x_wconf 84' lang='lat' dir='ltr'><strong>putans,</strong></span> <span class='ocrx_word' id='word_1_23' title='bbox 1319 512 1387 559; x_wconf 92' lang='lat' dir='ltr'><strong>ut</strong></span> <span class='ocrx_word' id='word_1_24' title='bbox 1436 518 1600 581; x_wconf 73' lang='lat' dir='ltr'><strong>opus</strong></span> <span class='ocrx_word' id='word_1_25' title='bbox 1651 498 2080 581; x_wconf 83' lang='lat' dir='ltr'><strong>prohiberet,</strong></span> <span class='ocrx_word' id='word_1_26' title='bbox 2135 514 2242 561; x_wconf 81' lang='lat' dir='ltr'><strong>aut</strong></span> <span class='ocrx_word' id='word_1_27' title='bbox 2295 480 2375 533; x_wconf 59' lang='grc' dir='ltr'><strong>Δ·</strong></span> <span class='ocrx_word' id='word_1_28' title='bbox 2409 478 2478 533; x_wconf 69' lang='lat'><strong>0·</strong></span> <span class='ocrx_word' id='word_1_29' title='bbox 2507 485 2603 547; x_wconf 68' lang='lat'><strong>4⁷·</strong></span> 
     </span>
     <span class='ocr_line' id='line_1_6' title="bbox 220 576 2242 651; baseline 0 -12"><span class='ocrx_word' id='word_1_30' title='bbox 220 577 621 641; x_wconf 75' lang='lat' dir='ltr'><strong>ostenderet</strong></span> <span class='ocrx_word' id='word_1_31' title='bbox 646 576 970 641; x_wconf 83' lang='lat' dir='ltr'><strong>fiduciam&#39;.</strong></span> <span class='ocrx_word' id='word_1_32' title='bbox 1038 580 1171 641; x_wconf 90' lang='lat' dir='ltr'><strong>Sed</strong></span> <span class='ocrx_word' id='word_1_33' title='bbox 1204 580 1343 651; x_wconf 86' lang='lat' dir='ltr'><strong>ille,</strong></span> <span class='ocrx_word' id='word_1_34' title='bbox 1392 581 1534 641; x_wconf 80' lang='lat' dir='ltr'><strong>sive</strong></span> <span class='ocrx_word' id='word_1_35' title='bbox 1575 580 1706 642; x_wconf 86' lang='lat' dir='ltr'><strong>loci</strong></span> <span class='ocrx_word' id='word_1_36' title='bbox 1737 578 2054 642; x_wconf 80' lang='lat' dir='ltr'><strong>felicitate</strong></span> <span class='ocrx_word' id='word_1_37' title='bbox 2084 596 2242 642; x_wconf 82' lang='lat' dir='ltr'><strong>eon-</strong></span> 
     </span>
     <span class='ocr_line' id='line_1_7' title="bbox 218 658 2244 747; baseline 0 -26"><span class='ocrx_word' id='word_1_38' title='bbox 218 658 399 723; x_wconf 74' lang='lat' dir='ltr'><strong>fieus</strong></span> <span class='ocrx_word' id='word_1_39' title='bbox 424 703 441 735; x_wconf 92' lang='lat'><strong>,</strong></span> <span class='ocrx_word' id='word_1_40' title='bbox 491 662 633 723; x_wconf 80' lang='lat' dir='ltr'><strong>sive</strong></span> <span class='ocrx_word' id='word_1_41' title='bbox 671 661 1017 743; x_wconf 77' lang='lat' dir='ltr'><strong>auspiciis,</strong></span> <span class='ocrx_word' id='word_1_42' title='bbox 1060 676 1132 723; x_wconf 83' lang='lat' dir='ltr'><strong>ut</strong></span> <span class='ocrx_word' id='word_1_43' title='bbox 1160 658 1373 744; x_wconf 81' lang='lat' dir='ltr'><strong>postea</strong></span> <span class='ocrx_word' id='word_1_44' title='bbox 1411 661 1696 723; x_wconf 86' lang='lat' dir='ltr'><strong>auditum</strong></span> <span class='ocrx_word' id='word_1_45' title='bbox 1734 658 1856 731; x_wconf 81' lang='lat' dir='ltr'><strong>est,</strong></span> <span class='ocrx_word' id='word_1_46' title='bbox 1905 663 2047 725; x_wconf 81' lang='lat' dir='ltr'><strong>sive</strong></span> <span class='ocrx_word' id='word_1_47' title='bbox 2077 683 2244 747; x_wconf 29' lang='lat' dir='ltr'><strong>,con-</strong></span> 
     </span>
     <span class='ocr_line' id='line_1_8' title="bbox 218 742 2246 827; baseline 0.001 -25"><span class='ocrx_word' id='word_1_48' title='bbox 218 754 493 827; x_wconf 85' lang='lat' dir='ltr'><strong>temptu</strong></span> <span class='ocrx_word' id='word_1_49' title='bbox 530 744 904 825; x_wconf 84' lang='lat' dir='ltr'><strong>copiarum,</strong></span> <span class='ocrx_word' id='word_1_50' title='bbox 955 764 1111 827; x_wconf 76' lang='lat' dir='ltr'><strong>quas</strong></span> <span class='ocrx_word' id='word_1_51' title='bbox 1150 742 1402 804; x_wconf 80' lang='lat' dir='ltr'><strong>vicerat</strong></span> <span class='ocrx_word' id='word_1_52' title='bbox 1436 746 1658 826; x_wconf 71' lang='lat' dir='ltr'><strong>priua,</strong></span> <span class='ocrx_word' id='word_1_53' title='bbox 1705 758 1770 804; x_wconf 86' lang='lat' dir='ltr'><strong>et</strong></span> <span class='ocrx_word' id='word_1_54' title='bbox 1811 745 2104 805; x_wconf 83' lang='lat' dir='ltr'><strong>veterani</strong></span> <span class='ocrx_word' id='word_1_55' title='bbox 2143 744 2246 805; x_wconf 89' lang='lat' dir='ltr'><strong>sui</strong></span> 
     </span>
     <span class='ocr_line' id='line_1_9' title="bbox 216 826 2246 909; baseline 0.001 -24"><span class='ocrx_word' id='word_1_56' title='bbox 216 826 573 895; x_wconf 78' lang='lat' dir='ltr'><strong>exercitus</strong></span> <span class='ocrx_word' id='word_1_57' title='bbox 620 826 903 899; x_wconf 84' lang='lat' dir='ltr'><strong>virtute,</strong></span> <span class='ocrx_word' id='word_1_58' title='bbox 964 828 1031 885; x_wconf 90' lang='lat' dir='ltr'><strong>in</strong></span> <span class='ocrx_word' id='word_1_59' title='bbox 1080 838 1496 909; x_wconf 78' lang='lat' dir='ltr'><strong>praeruptam</strong></span> <span class='ocrx_word' id='word_1_60' title='bbox 1545 826 1810 897; x_wconf 86' lang='lat' dir='ltr'><strong>vallem,</strong></span> <span class='ocrx_word' id='word_1_61' title='bbox 1874 844 1996 907; x_wconf 82' lang='lat' dir='ltr'><strong>qua</strong></span> <span class='ocrx_word' id='word_1_62' title='bbox 2049 846 2246 888; x_wconf 88' lang='lat' dir='ltr'><strong>nemo</strong></span> 
     </span>
     <span class='ocr_line' id='line_1_10' title="bbox 224 905 2246 991; baseline 0 -23"><span class='ocrx_word' id='word_1_63' title='bbox 224 928 435 969; x_wconf 83' lang='lat' dir='ltr'><strong>sanus</strong></span> <span class='ocrx_word' id='word_1_64' title='bbox 473 906 859 969; x_wconf 81' lang='lat' dir='ltr'><strong>demiss&#39;urus</strong></span> <span class='ocrx_word' id='word_1_65' title='bbox 891 908 1114 991; x_wconf 85' lang='lat' dir='ltr'><strong>copias</strong></span> <span class='ocrx_word' id='word_1_66' title='bbox 1153 905 1584 980; x_wconf 82' lang='lat' dir='ltr'>credebatur,</span> <span class='ocrx_word' id='word_1_67' title='bbox 1629 906 2010 985; x_wconf 82' lang='lat' dir='ltr'><strong>descendit3</strong></span> <span class='ocrx_word' id='word_1_68' title='bbox 2073 930 2246 969; x_wconf 84' lang='lat' dir='ltr'><strong>eam-</strong></span> 
     </span>
     <span class='ocr_line' id='line_1_11' title="bbox 230 988 2242 1075; baseline 0.001 -28"><span class='ocrx_word' id='word_1_69' title='bbox 230 1010 369 1071; x_wconf 87' lang='lat' dir='ltr'><strong>que</strong></span> <span class='ocrx_word' id='word_1_70' title='bbox 402 1008 794 1074; x_wconf 77' lang='lat' dir='ltr'><strong>permensus</strong></span> <span class='ocrx_word' id='word_1_71' title='bbox 830 989 1063 1051; x_wconf 88' lang='lat' dir='ltr'><strong>eodem</strong></span> <span class='ocrx_word' id='word_1_72' title='bbox 1098 988 1303 1072; x_wconf 80' lang='lat' dir='ltr'><strong>gradu</strong></span> <span class='ocrx_word' id='word_1_73' title='bbox 1342 989 1746 1051; x_wconf 77' lang='lat' dir='ltr'><strong>adscendere</strong></span> <span class='ocrx_word' id='word_1_74' title='bbox 1775 1010 1896 1074; x_wconf 87' lang='lat' dir='ltr'><strong>per</strong></span> <span class='ocrx_word' id='word_1_75' title='bbox 1923 988 2242 1075; x_wconf 78' lang='lat' dir='ltr'><strong>angustam</strong></span> 
     </span>
     <span class='ocr_line' id='line_1_12' title="bbox 230 1070 2229 1155; baseline 0 -24"><span class='ocrx_word' id='word_1_76' title='bbox 230 1084 303 1131; x_wconf 90' lang='lat' dir='ltr'><strong>et</strong></span> <span class='ocrx_word' id='word_1_77' title='bbox 348 1072 621 1132; x_wconf 86' lang='lat' dir='ltr'><strong>arduam</strong></span> <span class='ocrx_word' id='word_1_78' title='bbox 664 1071 957 1133; x_wconf 82' lang='lat' dir='ltr'><strong>semitam</strong></span> <span class='ocrx_word' id='word_1_79' title='bbox 997 1073 1237 1155; x_wconf 86' lang='lat' dir='ltr'><strong>coepit.</strong></span> <span class='ocrx_word' id='word_1_80' title='bbox 1396 1076 1401 1083; x_wconf 91' lang='lat'>&#39;</span> <span class='ocrx_word' id='word_1_81' title='bbox 1509 1080 1516 1087; x_wconf 79' lang='grc'><strong><em>’</em></strong></span> <span class='ocrx_word' id='word_1_82' title='bbox 2218 1070 2229 1079; x_wconf 90' lang='grc'><strong>’</strong></span> 
     </span>
    </p>
   </div>
   <div class='ocr_carea' id='block_1_5' title="bbox 234 1192 2633 3078">
    <p class='ocr_par' dir='ltr' id='par_1_5' title="bbox 358 1192 2633 1292">
     <span class='ocr_line' id='line_1_13' title="bbox 358 1192 2633 1292; baseline 0.001 -35"><span class='ocrx_word' id='word_1_83' title='bbox 358 1196 567 1257; x_wconf 82' lang='lat' dir='ltr'><strong>xxu.</strong></span> <span class='ocrx_word' id='word_1_84' title='bbox 618 1196 881 1269; x_wconf 80' lang='lat' dir='ltr'><strong>Caesar,</strong></span> <span class='ocrx_word' id='word_1_85' title='bbox 926 1193 1544 1257; x_wconf 78' lang='lat' dir='ltr'><strong>incredibili.hostis</strong></span> <span class='ocrx_word' id='word_1_86' title='bbox 1581 1192 1842 1255; x_wconf 83' lang='lat' dir='ltr'><strong>audacia</strong></span> <span class='ocrx_word' id='word_1_87' title='bbox 1877 1197 2239 1278; x_wconf 80' lang='lat' dir='ltr'><strong>oppress&#39;us,</strong></span> <span class='ocrx_word' id='word_1_88' title='bbox 2287 1217 2633 1292; x_wconf 56' lang='lat' dir='ltr'><strong>pnfflgmm</strong></span> 
     </span>
    </p>

    <p class='ocr_par' dir='ltr' id='par_1_6' title="bbox 234 1276 2358 3078">
     <span class='ocr_line' id='line_1_14' title="bbox 234 1276 2242 1361; baseline 0.002 -24"><span class='ocrx_word' id='word_1_89' title='bbox 234 1276 461 1337; x_wconf 78' lang='lat' dir='ltr'><strong>omnia</strong></span> <span class='ocrx_word' id='word_1_90' title='bbox 500 1278 696 1339; x_wconf 78' lang='lat' dir='ltr'><strong>simul</strong></span> <span class='ocrx_word' id='word_1_91' title='bbox 732 1298 929 1361; x_wconf 82' lang='lat' dir='ltr'><strong>agere</strong></span> <span class='ocrx_word' id='word_1_92' title='bbox 971 1277 1293 1339; x_wconf 79' lang='lat' dir='ltr'><strong>necell&#39;um</strong></span> <span class='ocrx_word' id='word_1_93' title='bbox 1327 1276 1644 1351; x_wconf 82' lang='lat' dir='ltr'><strong>babehat3</strong></span> <span class='ocrx_word' id='word_1_94' title='bbox 1689 1296 2006 1339; x_wconf 86' lang='lat' dir='ltr'><strong>revocare</strong></span> <span class='ocrx_word' id='word_1_95' title='bbox 2045 1278 2124 1340; x_wconf 86' lang='lat' dir='ltr'><strong>ab</strong></span> <span class='ocrx_word' id='word_1_96' title='bbox 2169 1300 2242 1342; x_wconf 87' lang='lat' dir='ltr'><strong>o-</strong></span> 
     </span>
     <span class='ocr_line' id='line_1_15' title="bbox 237 1356 2241 1444; baseline 0.002 -25"><span class='ocrx_word' id='word_1_97' title='bbox 237 1378 409 1442; x_wconf 80' lang='lat' dir='ltr'><strong>pere</strong></span> <span class='ocrx_word' id='word_1_98' title='bbox 443 1359 731 1432; x_wconf 82' lang='lat' dir='ltr'><strong>milites,</strong></span> <span class='ocrx_word' id='word_1_99' title='bbox 776 1381 948 1421; x_wconf 85' lang='lat' dir='ltr'><strong>arma</strong></span> <span class='ocrx_word' id='word_1_100' title='bbox 989 1359 1218 1441; x_wconf 84' lang='lat' dir='ltr'><strong>jubere</strong></span> <span class='ocrx_word' id='word_1_101' title='bbox 1261 1380 1536 1444; x_wconf 85' lang='lat' dir='ltr'><strong>capere,</strong></span> <span class='ocrx_word' id='word_1_102' title='bbox 1581 1356 1897 1419; x_wconf 81' lang='lat' dir='ltr'><strong>instruere</strong></span> <span class='ocrx_word' id='word_1_103' title='bbox 1937 1377 2241 1439; x_wconf 80' lang='lat' dir='ltr'><strong>armatos,</strong></span> 
     </span>
     <span class='ocr_line' id='line_1_16' title="bbox 243 1438 2243 1525; baseline -0.001 -25"><span class='ocrx_word' id='word_1_104' title='bbox 243 1454 357 1511; x_wconf 85' lang='lat' dir='ltr'><strong>et,</strong></span> <span class='ocrx_word' id='word_1_105' title='bbox 415 1440 567 1523; x_wconf 88' lang='lat' dir='ltr'><strong>quid</strong></span> <span class='ocrx_word' id='word_1_106' title='bbox 608 1440 853 1525; x_wconf 83' lang='lat' dir='ltr'><strong>ubique</strong></span> <span class='ocrx_word' id='word_1_107' title='bbox 891 1438 1039 1503; x_wconf 78' lang='lat' dir='ltr'><strong>fieri</strong></span> <span class='ocrx_word' id='word_1_108' title='bbox 1075 1442 1310 1513; x_wconf 86' lang='lat' dir='ltr'><strong>vellet,</strong></span> <span class='ocrx_word' id='word_1_109' title='bbox 1368 1440 1728 1503; x_wconf 75' lang='lat' dir='ltr'><strong>ostendere.</strong></span> <span class='ocrx_word' id='word_1_110' title='bbox 1785 1443 2082 1503; x_wconf 88' lang='lat' dir='ltr'><strong>·lnterim</strong></span> <span class='ocrx_word' id='word_1_111' title='bbox 2119 1444 2243 1505; x_wconf 78' lang='lat' dir='ltr'><strong>fal.</strong></span> 
     </span>
     <span class='ocr_line' id='line_1_17' title="bbox 254 1518 2245 1606; baseline 0.003 -23"><span class='ocrx_word' id='word_1_112' title='bbox 254 1522 390 1583; x_wconf 82' lang='lat' dir='ltr'><strong>cati</strong></span> <span class='ocrx_word' id='word_1_113' title='bbox 441 1539 664 1583; x_wconf 80' lang='lat' dir='ltr'><strong>currus</strong></span> <span class='ocrx_word' id='word_1_114' title='bbox 716 1524 899 1605; x_wconf 85' lang='lat' dir='ltr'><strong>regis</strong></span> <span class='ocrx_word' id='word_1_115' title='bbox 946 1518 1331 1585; x_wconf 77' lang='lat' dir='ltr'><strong>adfuerunt:</strong></span> <span class='ocrx_word' id='word_1_116' title='bbox 1398 1537 1468 1584; x_wconf 90' lang='lat' dir='ltr'><strong>et</strong></span> <span class='ocrx_word' id='word_1_117' title='bbox 1509 1544 1631 1606; x_wconf 89' lang='lat' dir='ltr'><strong>pro</strong></span> <span class='ocrx_word' id='word_1_118' title='bbox 1682 1537 1784 1583; x_wconf 88' lang='lat' dir='ltr'><strong>ter</strong></span> <span class='ocrx_word' id='word_1_119' title='bbox 1833 1524 2245 1605; x_wconf 84' lang='lat' dir='ltr'><strong>iniquitatem</strong></span> 
     </span>
     <span class='ocr_line' id='line_1_18' title="bbox 255 1544 2245 1688; baseline 0.003 -25"><span class='ocrx_word' id='word_1_120' title='bbox 255 1602 429 1673; x_wconf 83' lang='lat' dir='ltr'><strong>loci,</strong></span> <span class='ocrx_word' id='word_1_121' title='bbox 516 1625 849 1688; x_wconf 68' lang='lat' dir='ltr'><strong>numquam</strong></span> <span class='ocrx_word' id='word_1_122' title='bbox 895 1626 930 1666; x_wconf 87' lang='lat' dir='ltr'><strong>a</strong></span> <span class='ocrx_word' id='word_1_123' title='bbox 976 1604 1478 1687; x_wconf 77' lang='lat' dir='ltr'><strong>trepidantibus,</strong></span> <span class='ocrx_word' id='word_1_124' title='bbox 1523 1544 1934 1667; x_wconf 53' lang='lat' dir='ltr'><strong>magitudine</strong></span> <span class='ocrx_word' id='word_1_125' title='bbox 1963 1608 2245 1669; x_wconf 85' lang='lat' dir='ltr'><strong>telorum</strong></span> 
     </span>
     <span class='ocr_line' id='line_1_19' title="bbox 266 1683 2244 1769; baseline 0.003 -22"><span class='ocrx_word' id='word_1_126' title='bbox 266 1683 429 1747; x_wconf 79' lang='lat' dir='ltr'><strong>haud</strong></span> <span class='ocrx_word' id='word_1_127' title='bbox 512 1684 833 1748; x_wconf 72' lang='lat' dir='ltr'><strong>ifliculter</strong></span> <span class='ocrx_word' id='word_1_128' title='bbox 876 1708 915 1749; x_wconf 95' lang='lat' dir='ltr'><strong>o</strong></span> <span class='ocrx_word' id='word_1_129' title='bbox 968 1687 1162 1769; x_wconf 83' lang='lat' dir='ltr'><strong>press&#39;i</strong></span> <span class='ocrx_word' id='word_1_130' title='bbox 1196 1700 1366 1748; x_wconf 78' lang='lat' dir='ltr'><strong>sunt.</strong></span> <span class='ocrx_word' id='word_1_131' title='bbox 1457 1687 1742 1769; x_wconf 84' lang='lat' dir='ltr'><strong>Sequuta</strong></span> <span class='ocrx_word' id='word_1_132' title='bbox 1785 1684 1874 1747; x_wconf 81' lang='lat' dir='ltr'><strong>est</strong></span> <span class='ocrx_word' id='word_1_133' title='bbox 1912 1689 2087 1750; x_wconf 83' lang='lat' dir='ltr'><strong>acies</strong></span> <span class='ocrx_word' id='word_1_134' title='bbox 2124 1689 2244 1752; x_wconf 91' lang='lat' dir='ltr'><strong>ho-</strong></span> 
     </span>
     <span class='ocr_line' id='line_1_20' title="bbox 270 1708 2242 1851; baseline 0.005 -25"><span class='ocrx_word' id='word_1_135' title='bbox 270 1764 473 1839; x_wconf 79' lang='lat' dir='ltr'><strong>stium,</strong></span> <span class='ocrx_word' id='word_1_136' title='bbox 538 1788 755 1851; x_wconf 88' lang='lat' dir='ltr'><strong>neque</strong></span> <span class='ocrx_word' id='word_1_137' title='bbox 808 1708 1059 1830; x_wconf 63' lang='lat' dir='ltr'><strong>tut-Eam</strong></span> <span class='ocrx_word' id='word_1_138' title='bbox 1110 1789 1377 1829; x_wconf 79' lang='lat' dir='ltr'><strong>suorum</strong></span> <span class='ocrx_word' id='word_1_139' title='bbox 1424 1788 1579 1829; x_wconf 86' lang='lat' dir='ltr'><strong>casu</strong></span> <span class='ocrx_word' id='word_1_140' title='bbox 1631 1764 1925 1832; x_wconf 80' lang='lat' dir='ltr'><strong>conflixit</strong></span> <span class='ocrx_word' id='word_1_141' title='bbox 1973 1773 2242 1835; x_wconf 83' lang='lat' dir='ltr'><strong>acriter.</strong></span> 
     </span>
     <span class='ocr_line' id='line_1_21' title="bbox 268 1847 2246 1933; baseline 0.004 -24"><span class='ocrx_word' id='word_1_142' title='bbox 268 1847 428 1920; x_wconf 86' lang='lat' dir='ltr'><strong>Sed,</strong></span> <span class='ocrx_word' id='word_1_143' title='bbox 491 1850 643 1933; x_wconf 87' lang='lat' dir='ltr'><strong>quia</strong></span> <span class='ocrx_word' id='word_1_144' title='bbox 680 1850 748 1909; x_wconf 88' lang='lat' dir='ltr'><strong>in</strong></span> <span class='ocrx_word' id='word_1_145' title='bbox 790 1850 1143 1911; x_wconf 81' lang='lat' dir='ltr'><strong>subeuntes</strong></span> <span class='ocrx_word' id='word_1_146' title='bbox 1182 1850 1313 1933; x_wconf 85' lang='lat' dir='ltr'><strong>pila</strong></span> <span class='ocrx_word' id='word_1_147' title='bbox 1354 1870 1434 1911; x_wconf 84' lang='lat' dir='ltr'><strong>ex</strong></span> <span class='ocrx_word' id='word_1_148' title='bbox 1475 1848 1653 1911; x_wconf 87' lang='lat' dir='ltr'><strong>edito</strong></span> <span class='ocrx_word' id='word_1_149' title='bbox 1695 1850 2246 1927; x_wconf 68' lang='lat' dir='ltr'><strong>conficiebantur,</strong></span> 
     </span>
     <span class='ocr_line' id='line_1_22' title="bbox 262 1930 2246 2015; baseline 0.002 -25"><span class='ocrx_word' id='word_1_150' title='bbox 262 1930 391 1991; x_wconf 82' lang='lat' dir='ltr'><strong>cito</strong></span> <span class='ocrx_word' id='word_1_151' title='bbox 426 1944 661 1992; x_wconf 81' lang='lat' dir='ltr'><strong>mutata</strong></span> <span class='ocrx_word' id='word_1_152' title='bbox 697 1932 937 2015; x_wconf 85' lang='lat' dir='ltr'><strong>proelii</strong></span> <span class='ocrx_word' id='word_1_153' title='bbox 977 1930 1064 1993; x_wconf 86' lang='lat' dir='ltr'><strong>est</strong></span> <span class='ocrx_word' id='word_1_154' title='bbox 1095 1932 1285 2005; x_wconf 88' lang='lat' dir='ltr'><strong>ratio,</strong></span> <span class='ocrx_word' id='word_1_155' title='bbox 1330 1930 1720 2015; x_wconf 83' lang='lat' dir='ltr'><strong>praesertim</strong></span> <span class='ocrx_word' id='word_1_156' title='bbox 1759 1930 1989 1994; x_wconf 82' lang='lat' dir='ltr'><strong>dextro</strong></span> <span class='ocrx_word' id='word_1_157' title='bbox 2021 1954 2246 2007; x_wconf 84' lang='lat' dir='ltr'><strong>cornu,</strong></span> 
     </span>
     <span class='ocr_line' id='line_1_23' title="bbox 260 2010 2249 2097; baseline 0.003 -26"><span class='ocrx_word' id='word_1_158' title='bbox 260 2012 371 2072; x_wconf 79' lang='lat' dir='ltr'><strong>nbi</strong></span> <span class='ocrx_word' id='word_1_159' title='bbox 414 2026 592 2074; x_wconf 85' lang='lat' dir='ltr'><strong>sexta</strong></span> <span class='ocrx_word' id='word_1_160' title='bbox 636 2014 813 2096; x_wconf 82' lang='lat' dir='ltr'><strong>legio</strong></span> <span class='ocrx_word' id='word_1_161' title='bbox 854 2010 1243 2075; x_wconf 83' lang='lat' dir='ltr'><strong>constiterat.</strong></span> <span class='ocrx_word' id='word_1_162' title='bbox 1328 2010 1626 2084; x_wconf 79' lang='lat' dir='ltr'><strong>sinistro,</strong></span> <span class='ocrx_word' id='word_1_163' title='bbox 1686 2012 2249 2097; x_wconf 75' lang='lat' dir='ltr'><strong>mediaque‘acic,</strong></span> 
     </span>
     <span class='ocr_line' id='line_1_24' title="bbox 258 2094 2254 2191; baseline 0.003 -39"><span class='ocrx_word' id='word_1_164' title='bbox 258 2094 528 2165; x_wconf 57' lang='lat' dir='ltr'><strong>*tan-dius,</strong></span> <span class='ocrx_word' id='word_1_165' title='bbox 576 2094 695 2155; x_wconf 83' lang='lat' dir='ltr'><strong>sed</strong></span> <span class='ocrx_word' id='word_1_166' title='bbox 729 2110 936 2157; x_wconf 86' lang='lat' dir='ltr'><strong>tamen</strong></span> <span class='ocrx_word' id='word_1_167' title='bbox 978 2094 1173 2178; x_wconf 84' lang='lat' dir='ltr'><strong>prossi</strong></span> <span class='ocrx_word' id='word_1_168' title='bbox 1222 2094 1311 2156; x_wconf 83' lang='lat' dir='ltr'><strong>ati</strong></span> <span class='ocrx_word' id='word_1_169' title='bbox 1352 2109 1501 2156; x_wconf 88' lang='lat' dir='ltr'><strong>sunt</strong></span> <span class='ocrx_word' id='word_1_170' title='bbox 1538 2094 1733 2177; x_wconf 84' lang='lat' dir='ltr'><strong>regii,</strong></span> <span class='ocrx_word' id='word_1_171' title='bbox 1781 2109 1867 2166; x_wconf 91' lang='lat' dir='ltr'><strong>et,</strong></span> <span class='ocrx_word' id='word_1_172' title='bbox 1911 2116 2034 2191; x_wconf 86' lang='lat' dir='ltr'><strong>per</strong></span> <span class='ocrx_word' id='word_1_173' title='bbox 2062 2117 2254 2181; x_wconf 87' lang='lat' dir='ltr'><strong>prae-</strong></span> 
     </span>
     <span class='ocr_line' id='line_1_25' title="bbox 266 2172 2256 2258; baseline 0.002 -22"><span class='ocrx_word' id='word_1_174' title='bbox 266 2177 529 2258; x_wconf 81' lang='lat' dir='ltr'><strong>cipitem</strong></span> <span class='ocrx_word' id='word_1_175' title='bbox 566 2178 801 2237; x_wconf 84' lang='lat' dir='ltr'><strong>vallem</strong></span> <span class='ocrx_word' id='word_1_176' title='bbox 840 2178 1004 2249; x_wconf 84' lang='lat' dir='ltr'><strong>acti,</strong></span> <span class='ocrx_word' id='word_1_177' title='bbox 1068 2200 1173 2237; x_wconf 90' lang='lat' dir='ltr'><strong>mu</strong></span> <span class='ocrx_word' id='word_1_178' title='bbox 1206 2178 1256 2237; x_wconf 86' lang='lat' dir='ltr'><strong>ti</strong></span> <span class='ocrx_word' id='word_1_179' title='bbox 1288 2174 1502 2237; x_wconf 82' lang='lat' dir='ltr'><strong>hostili</strong></span> <span class='ocrx_word' id='word_1_180' title='bbox 1541 2172 1766 2247; x_wconf 84' lang='lat' dir='ltr'><strong>ferro,</strong></span> <span class='ocrx_word' id='word_1_181' title='bbox 1829 2176 1940 2238; x_wconf 75' lang='lat' dir='ltr'><strong>alit</strong></span> <span class='ocrx_word' id='word_1_182' title='bbox 1988 2198 2256 2240; x_wconf 85' lang='lat' dir='ltr'><strong>suorum</strong></span> 
     </span>
     <span class='ocr_line' id='line_1_26' title="bbox 258 2256 2258 2343; baseline 0.003 -26"><span class='ocrx_word' id='word_1_183' title='bbox 258 2256 688 2319; x_wconf 81' lang='lat' dir='ltr'><strong>incidentium</strong></span> <span class='ocrx_word' id='word_1_184' title='bbox 722 2258 1021 2343; x_wconf 86' lang='lat' dir='ltr'><strong>pondere</strong></span> <span class='ocrx_word' id='word_1_185' title='bbox 1056 2259 1569 2343; x_wconf 85' lang='lat' dir='ltr'><strong>procubuerunt.</strong></span> <span class='ocrx_word' id='word_1_186' title='bbox 1619 2258 1732 2340; x_wconf 86' lang='lat' dir='ltr'><strong>qui</strong></span> <span class='ocrx_word' id='word_1_187' title='bbox 1770 2272 1981 2319; x_wconf 83' lang='lat' dir='ltr'><strong>autem</strong></span> <span class='ocrx_word' id='word_1_188' title='bbox 2018 2261 2258 2323; x_wconf 85' lang='lat' dir='ltr'><strong>celeri-</strong></span> 
     </span>
     <span class='ocr_line' id='line_1_27' title="bbox 255 2339 2257 2427; baseline 0.003 -28"><span class='ocrx_word' id='word_1_189' title='bbox 255 2350 387 2401; x_wconf 82' lang='lat' dir='ltr'><strong>tate</strong></span> <span class='ocrx_word' id='word_1_190' title='bbox 426 2339 666 2423; x_wconf 81' lang='lat' dir='ltr'><strong>pel&#39;tem</strong></span> <span class='ocrx_word' id='word_1_191' title='bbox 706 2356 1045 2425; x_wconf 87' lang='lat' dir='ltr'><strong>utramque</strong></span> <span class='ocrx_word' id='word_1_192' title='bbox 1088 2340 1488 2409; x_wconf 81' lang='lat' dir='ltr'><strong>vitaverant,</strong></span> <span class='ocrx_word' id='word_1_193' title='bbox 1533 2351 1606 2401; x_wconf 88' lang='lat' dir='ltr'><strong>ut</strong></span> <span class='ocrx_word' id='word_1_194' title='bbox 1649 2340 2018 2424; x_wconf 79' lang='lat' dir='ltr'><strong>expeditius</strong></span> <span class='ocrx_word' id='word_1_195' title='bbox 2063 2343 2257 2427; x_wconf 80' lang='lat' dir='ltr'><strong>fuge-</strong></span> 
     </span>
     <span class='ocr_line' id='line_1_28' title="bbox 256 2418 2358 2506; baseline 0.003 -25"><span class='ocrx_word' id='word_1_196' title='bbox 256 2435 427 2494; x_wconf 82' lang='lat' dir='ltr'><strong>rent,</strong></span> <span class='ocrx_word' id='word_1_197' title='bbox 474 2422 671 2481; x_wconf 85' lang='lat' dir='ltr'><strong>armis</strong></span> <span class='ocrx_word' id='word_1_198' title='bbox 707 2423 1046 2506; x_wconf 85' lang='lat' dir='ltr'><strong>projectis,</strong></span> <span class='ocrx_word' id='word_1_199' title='bbox 1092 2422 1173 2483; x_wconf 84' lang='lat' dir='ltr'><strong>ad</strong></span> <span class='ocrx_word' id='word_1_200' title='bbox 1215 2444 1325 2483; x_wconf 78' lang='lat' dir='ltr'><strong>sua</strong></span> <span class='ocrx_word' id='word_1_201' title='bbox 1366 2418 1560 2483; x_wconf 86' lang='lat' dir='ltr'><strong>cassra</strong></span> <span class='ocrx_word' id='word_1_202' title='bbox 1601 2420 2102 2486; x_wconf 88' lang='lat' dir='ltr'><strong>contenderunt.</strong></span> <span class='ocrx_word' id='word_1_203' title='bbox 2159 2428 2259 2487; x_wconf 64' lang='lat' dir='ltr'><strong>‘At</strong></span> <span class='ocrx_word' id='word_1_204' title='bbox 2353 2445 2358 2453; x_wconf 83' lang='lat'><em>·</em></span> 
     </span>
     <span class='ocr_line' id='line_1_29' title="bbox 254 2500 2259 2587; baseline 0.001 -23"><span class='ocrx_word' id='word_1_205' title='bbox 254 2504 571 2576; x_wconf 86' lang='lat' dir='ltr'><strong>Romani,</strong></span> <span class='ocrx_word' id='word_1_206' title='bbox 648 2524 777 2566; x_wconf 88' lang='lat' dir='ltr'><strong>non</strong></span> <span class='ocrx_word' id='word_1_207' title='bbox 834 2505 1125 2567; x_wconf 86' lang='lat' dir='ltr'><strong>contenti</strong></span> <span class='ocrx_word' id='word_1_208' title='bbox 1182 2500 1662 2587; x_wconf 73' lang='lat' dir='ltr'><strong>persequendis</strong></span> <span class='ocrx_word' id='word_1_209' title='bbox 1705 2502 1947 2565; x_wconf 75' lang='lat' dir='ltr'><strong>adime</strong></span> <span class='ocrx_word' id='word_1_210' title='bbox 1992 2507 2259 2576; x_wconf 75' lang='lat' dir='ltr'><strong>vallium</strong></span> 
     </span>
     <span class='ocr_line' id='line_1_30' title="bbox 252 2584 2258 2671; baseline 0.002 -26"><span class='ocrx_word' id='word_1_211' title='bbox 252 2584 577 2657; x_wconf 79' lang='lat' dir='ltr'><strong>hostibus,</strong></span> <span class='ocrx_word' id='word_1_212' title='bbox 624 2585 704 2646; x_wconf 83' lang='lat' dir='ltr'><strong>ad</strong></span> <span class='ocrx_word' id='word_1_213' title='bbox 746 2584 1010 2649; x_wconf 81' lang='lat' dir='ltr'><strong>alteram</strong></span> <span class='ocrx_word' id='word_1_214' title='bbox 1049 2600 1299 2670; x_wconf 83' lang='lat' dir='ltr'><strong>partem</strong></span> <span class='ocrx_word' id='word_1_215' title='bbox 1340 2585 1782 2659; x_wconf 77' lang='lat' dir='ltr'><strong>adscendere,</strong></span> <span class='ocrx_word' id='word_1_216' title='bbox 1847 2586 2112 2671; x_wconf 83' lang='lat' dir='ltr'><strong>vimque</strong></span> <span class='ocrx_word' id='word_1_217' title='bbox 2157 2588 2258 2649; x_wconf 88' lang='lat' dir='ltr'><strong>fa-</strong></span> 
     </span>
     <span class='ocr_line' id='line_1_31' title="bbox 254 2666 2259 2757; baseline 0.001 -29"><span class='ocrx_word' id='word_1_218' title='bbox 254 2677 413 2728; x_wconf 82' lang='lat' dir='ltr'><strong>cere</strong></span> <span class='ocrx_word' id='word_1_219' title='bbox 453 2682 853 2751; x_wconf 84' lang='lat' dir='ltr'><strong>coeperunt:</strong></span> <span class='ocrx_word' id='word_1_220' title='bbox 898 2690 1113 2753; x_wconf 87' lang='lat' dir='ltr'><strong>neque</strong></span> <span class='ocrx_word' id='word_1_221' title='bbox 1156 2666 1408 2740; x_wconf 84' lang='lat' dir='ltr'><strong>hostes,</strong></span> <span class='ocrx_word' id='word_1_222' title='bbox 1458 2688 1836 2753; x_wconf 87' lang='lat' dir='ltr'><strong>quamquam</strong></span> <span class='ocrx_word' id='word_1_223' title='bbox 1879 2688 1916 2729; x_wconf 92' lang='lat' dir='ltr'><strong>e</strong></span> <span class='ocrx_word' id='word_1_224' title='bbox 1956 2670 2259 2757; x_wconf 85' lang='lat' dir='ltr'><strong>superio-</strong></span> 
     </span>
     <span class='ocr_line' id='line_1_32' title="bbox 252 2748 2252 2835; baseline 0.002 -26"><span class='ocrx_word' id='word_1_225' title='bbox 252 2768 331 2811; x_wconf 84' lang='lat' dir='ltr'><strong>re</strong></span> <span class='ocrx_word' id='word_1_226' title='bbox 374 2751 568 2821; x_wconf 88' lang='lat' dir='ltr'><strong>loco,</strong></span> <span class='ocrx_word' id='word_1_227' title='bbox 633 2770 925 2831; x_wconf 80' lang='lat' dir='ltr'><strong>magnam</strong></span> <span class='ocrx_word' id='word_1_228' title='bbox 971 2770 1212 2812; x_wconf 86' lang='lat' dir='ltr'><strong>moram</strong></span> <span class='ocrx_word' id='word_1_229' title='bbox 1263 2748 1539 2831; x_wconf 81' lang='lat' dir='ltr'><strong>injicere</strong></span> <span class='ocrx_word' id='word_1_230' title='bbox 1585 2750 1870 2811; x_wconf 83' lang='lat' dir='ltr'><strong>inermes</strong></span> <span class='ocrx_word' id='word_1_231' title='bbox 1925 2764 2252 2835; x_wconf 81' lang='lat' dir='ltr'><strong>poterant.</strong></span> 
     </span>
     <span class='ocr_line' id='line_1_33' title="bbox 260 2829 2256 2929; baseline -0.001 -36"><span class='ocrx_word' id='word_1_232' title='bbox 260 2832 373 2893; x_wconf 89' lang='lat' dir='ltr'><strong>Sic</strong></span> <span class='ocrx_word' id='word_1_233' title='bbox 421 2831 593 2893; x_wconf 84' lang='lat' dir='ltr'><strong>enisi</strong></span> <span class='ocrx_word' id='word_1_234' title='bbox 638 2835 883 2895; x_wconf 81' lang='lat' dir='ltr'><strong>milites</strong></span> <span class='ocrx_word' id='word_1_235' title='bbox 932 2834 1009 2893; x_wconf 85' lang='lat' dir='ltr'><strong>ab</strong></span> <span class='ocrx_word' id='word_1_236' title='bbox 1050 2832 1271 2893; x_wconf 82' lang='lat' dir='ltr'><strong>eadem</strong></span> <span class='ocrx_word' id='word_1_237' title='bbox 1310 2832 1641 2893; x_wconf 80' lang='lat' dir='ltr'><strong>alacritate</strong></span> <span class='ocrx_word' id='word_1_238' title='bbox 1684 2829 1881 2893; x_wconf 79' lang='lat' dir='ltr'><strong>castra</strong></span> <span class='ocrx_word' id='word_1_239' title='bbox 1919 2852 2256 2929; x_wconf 70' lang='lat' dir='ltr'><strong>oppugna-</strong></span> 
     </span>
     <span class='ocr_line' id='line_1_34' title="bbox 254 2912 2257 2999; baseline 0 -26"><span class='ocrx_word' id='word_1_240' title='bbox 254 2926 449 2987; x_wconf 86' lang='lat' dir='ltr'><strong>runt,</strong></span> <span class='ocrx_word' id='word_1_241' title='bbox 498 2928 599 2986; x_wconf 89' lang='lat' dir='ltr'><strong>et,</strong></span> <span class='ocrx_word' id='word_1_242' title='bbox 648 2915 1089 2998; x_wconf 82' lang='lat' dir='ltr'><strong>nequidquam</strong></span> <span class='ocrx_word' id='word_1_243' title='bbox 1127 2912 1672 2985; x_wconf 78' lang='lat' dir='ltr'><strong>defendentibus,</strong></span> <span class='ocrx_word' id='word_1_244' title='bbox 1714 2932 1879 2997; x_wconf 79' lang='lat' dir='ltr'><strong>quae</strong></span> <span class='ocrx_word' id='word_1_245' title='bbox 1921 2913 2257 2999; x_wconf 76' lang='lat' dir='ltr'><strong>praesidio</strong></span> 
     </span>
     <span class='ocr_line' id='line_1_35' title="bbox 254 2993 1730 3078; baseline 0 -23"><span class='ocrx_word' id='word_1_246' title='bbox 254 2993 521 3057; x_wconf 80' lang='lat' dir='ltr'><strong>fuerant</strong></span> <span class='ocrx_word' id='word_1_247' title='bbox 562 2996 873 3069; x_wconf 85' lang='lat' dir='ltr'><strong>relictae,</strong></span> <span class='ocrx_word' id='word_1_248' title='bbox 922 2994 1343 3068; x_wconf 68' lang='lat' dir='ltr'><strong>cohortibuS,</strong></span> <span class='ocrx_word' id='word_1_249' title='bbox 1390 3004 1730 3078; x_wconf 79' lang='lat' dir='ltr'><strong>ceperunt.</strong></span> 
     </span>
    </p>
   </div>
   <div class='ocr_carea' id='block_1_6' title="bbox 250 3117 2626 3942">
    <p class='ocr_par' dir='ltr' id='par_1_7' title="bbox 250 3117 2626 3942">
     <span class='ocr_line' id='line_1_36' title="bbox 380 3117 2626 3215; baseline -0.001 -36"><span class='ocrx_word' id='word_1_250' title='bbox 380 3120 614 3181; x_wconf 78' lang='lat' dir='ltr'><strong>xxm.</strong></span> <span class='ocrx_word' id='word_1_251' title='bbox 664 3122 755 3181; x_wconf 86' lang='lat' dir='ltr'><strong>Ea</strong></span> <span class='ocrx_word' id='word_1_252' title='bbox 784 3133 997 3199; x_wconf 71' lang='lat' dir='ltr'><strong>tamen</strong></span> <span class='ocrx_word' id='word_1_253' title='bbox 1030 3138 1209 3178; x_wconf 79' lang='lat' dir='ltr'><strong>mora</strong></span> <span class='ocrx_word' id='word_1_254' title='bbox 1239 3119 1517 3215; x_wconf 79' lang='lat' dir='ltr'><strong>spatium</strong></span> <span class='ocrx_word' id='word_1_255' title='bbox 1540 3118 1861 3180; x_wconf 84' lang='lat' dir='ltr'><strong>Pharnaci</strong></span> <span class='ocrx_word' id='word_1_256' title='bbox 1891 3117 2074 3180; x_wconf 87' lang='lat' dir='ltr'><strong>dedit</strong></span> <span class='ocrx_word' id='word_1_257' title='bbox 2099 3138 2258 3201; x_wconf 84' lang='lat' dir='ltr'><strong>pau·</strong></span> <span class='ocrx_word' id='word_1_258' title='bbox 2319 3134 2626 3193; x_wconf 61' lang='lat' dir='ltr'><strong>numm,</strong></span> 
     </span>
     <span class='ocr_line' id='line_1_37' title="bbox 256 3200 2462 3284; baseline 0.001 -22"><span class='ocrx_word' id='word_1_259' title='bbox 256 3202 357 3262; x_wconf 86' lang='lat' dir='ltr'><strong>cis</strong></span> <span class='ocrx_word' id='word_1_260' title='bbox 401 3220 547 3262; x_wconf 87' lang='lat' dir='ltr'><strong>eum</strong></span> <span class='ocrx_word' id='word_1_261' title='bbox 582 3202 911 3282; x_wconf 83' lang='lat' dir='ltr'><strong>equitibus</strong></span> <span class='ocrx_word' id='word_1_262' title='bbox 950 3220 1019 3262; x_wconf 91' lang='lat' dir='ltr'><strong>se</strong></span> <span class='ocrx_word' id='word_1_263' title='bbox 1052 3200 1504 3284; x_wconf 74' lang='lat' dir='ltr'><strong>preripiendi,</strong></span> <span class='ocrx_word' id='word_1_264' title='bbox 1553 3218 1637 3262; x_wconf 90' lang='lat' dir='ltr'><strong>ne</strong></span> <span class='ocrx_word' id='word_1_265' title='bbox 1675 3200 1863 3261; x_wconf 80' lang='lat' dir='ltr'><strong>vivus</strong></span> <span class='ocrx_word' id='word_1_266' title='bbox 1897 3200 2156 3261; x_wconf 80' lang='lat' dir='ltr'><strong>veniret</strong></span> <span class='ocrx_word' id='word_1_267' title='bbox 2189 3200 2256 3260; x_wconf 88' lang='lat' dir='ltr'><strong>in</strong></span> <span class='ocrx_word' id='word_1_268' title='bbox 2284 3208 2462 3279; x_wconf 67' lang='lat' dir='ltr'><strong>fugit.</strong></span> 
     </span>
     <span class='ocr_line' id='line_1_38' title="bbox 254 3280 2262 3376; baseline 0 -33"><span class='ocrx_word' id='word_1_269' title='bbox 254 3280 531 3345; x_wconf 79' lang='lat' dir='ltr'><strong>hostium</strong></span> <span class='ocrx_word' id='word_1_270' title='bbox 567 3280 965 3365; x_wconf 83' lang='lat' dir='ltr'><strong>potestatem.</strong></span> <span class='ocrx_word' id='word_1_271' title='bbox 1028 3282 1357 3343; x_wconf 83' lang='lat' dir='ltr'><strong>exercitus</strong></span> <span class='ocrx_word' id='word_1_272' title='bbox 1398 3286 1552 3343; x_wconf 81' lang='lat' dir='ltr'><strong>sane</strong></span> <span class='ocrx_word' id='word_1_273' title='bbox 1591 3294 1763 3341; x_wconf 88' lang='lat' dir='ltr'><strong>totus</strong></span> <span class='ocrx_word' id='word_1_274' title='bbox 1793 3280 2030 3376; x_wconf 89' lang='lat' dir='ltr'><strong>periit,</strong></span> <span class='ocrx_word' id='word_1_275' title='bbox 2084 3283 2262 3344; x_wconf 84' lang='lat' dir='ltr'><strong>omni</strong></span> 
     </span>
     <span class='ocr_line' id='line_1_39' title="bbox 256 3360 2262 3445; baseline 0.002 -21"><span class='ocrx_word' id='word_1_276' title='bbox 256 3380 371 3427; x_wconf 77' lang='lat' dir='ltr'><strong>aut</strong></span> <span class='ocrx_word' id='word_1_277' title='bbox 416 3364 631 3427; x_wconf 83' lang='lat' dir='ltr'><strong>occisa</strong></span> <span class='ocrx_word' id='word_1_278' title='bbox 678 3362 1049 3443; x_wconf 79' lang='lat' dir='ltr'><strong>regiorum,</strong></span> <span class='ocrx_word' id='word_1_279' title='bbox 1112 3374 1220 3423; x_wconf 78' lang='lat' dir='ltr'><strong>aut</strong></span> <span class='ocrx_word' id='word_1_280' title='bbox 1271 3377 1454 3445; x_wconf 81' lang='lat' dir='ltr'><strong>capta</strong></span> <span class='ocrx_word' id='word_1_281' title='bbox 1500 3360 1936 3422; x_wconf 75' lang='lat' dir='ltr'><strong>multitudine.</strong></span> <span class='ocrx_word' id='word_1_282' title='bbox 2035 3364 2262 3428; x_wconf 80' lang='lat' dir='ltr'><strong>Rebus</strong></span> 
     </span>
     <span class='ocr_line' id='line_1_40' title="bbox 256 3442 2263 3527; baseline -0 -20"><span class='ocrx_word' id='word_1_283' title='bbox 256 3446 370 3507; x_wconf 78' lang='lat' dir='ltr'><strong>his</strong></span> <span class='ocrx_word' id='word_1_284' title='bbox 458 3445 917 3507; x_wconf 80' lang='lat' dir='ltr'><strong>raeelariss&#39;ime</strong></span> <span class='ocrx_word' id='word_1_285' title='bbox 956 3442 1179 3527; x_wconf 80' lang='lat' dir='ltr'><strong>gestis,</strong></span> <span class='ocrx_word' id='word_1_286' title='bbox 1226 3464 1325 3503; x_wconf 83' lang='lat' dir='ltr'><strong>ma</strong></span> <span class='ocrx_word' id='word_1_287' title='bbox 1377 3466 1453 3505; x_wconf 80' lang='lat' dir='ltr'><strong>na</strong></span> <span class='ocrx_word' id='word_1_288' title='bbox 1490 3443 1734 3504; x_wconf 82' lang='lat' dir='ltr'><strong>laetitia</strong></span> <span class='ocrx_word' id='word_1_289' title='bbox 1772 3444 2071 3506; x_wconf 79' lang='lat' dir='ltr'><strong>Caesaris</strong></span> <span class='ocrx_word' id='word_1_290' title='bbox 2113 3444 2263 3519; x_wconf 81' lang='lat' dir='ltr'><strong>suit,</strong></span> 
     </span>
     <span class='ocr_line' id='line_1_41' title="bbox 261 3464 2262 3611; baseline 0.001 -22"><span class='ocrx_word' id='word_1_291' title='bbox 261 3470 453 3611; x_wconf 61' lang='lat' dir='ltr'><strong>quod,</strong></span> <span class='ocrx_word' id='word_1_292' title='bbox 479 3542 543 3588; x_wconf 90' lang='lat' dir='ltr'><strong>et</strong></span> <span class='ocrx_word' id='word_1_293' title='bbox 576 3527 790 3591; x_wconf 79' lang='lat' dir='ltr'><strong>facilis</strong></span> <span class='ocrx_word' id='word_1_294' title='bbox 827 3526 1103 3589; x_wconf 82' lang='lat' dir='ltr'><strong>victoria</strong></span> <span class='ocrx_word' id='word_1_295' title='bbox 1143 3546 1219 3586; x_wconf 87' lang='lat' dir='ltr'><strong>ex</strong></span> <span class='ocrx_word' id='word_1_296' title='bbox 1255 3464 1651 3586; x_wconf 51' lang='lat' dir='ltr'><strong>difficillimo</strong></span> <span class='ocrx_word' id='word_1_297' title='bbox 1687 3522 1879 3587; x_wconf 87' lang='lat' dir='ltr'><strong>initio</strong></span> <span class='ocrx_word' id='word_1_298' title='bbox 1915 3522 2262 3600; x_wconf 76' lang='lat' dir='ltr'><strong>exstiterat,</strong></span> 
     </span>
     <span class='ocr_line' id='line_1_42' title="bbox 266 3606 2266 3693; baseline -0.002 -21"><span class='ocrx_word' id='word_1_299' title='bbox 266 3624 336 3672; x_wconf 91' lang='lat' dir='ltr'><strong>et</strong></span> <span class='ocrx_word' id='word_1_300' title='bbox 384 3608 585 3671; x_wconf 75' lang='lat' dir='ltr'><strong>hostis</strong></span> <span class='ocrx_word' id='word_1_301' title='bbox 634 3628 760 3671; x_wconf 87' lang='lat' dir='ltr'><strong>non</strong></span> <span class='ocrx_word' id='word_1_302' title='bbox 812 3606 1324 3670; x_wconf 84' lang='lat' dir='ltr'><strong>contemnendae</strong></span> <span class='ocrx_word' id='word_1_303' title='bbox 1376 3606 1712 3693; x_wconf 77' lang='lat' dir='ltr'><strong>opinionis</strong></span> <span class='ocrx_word' id='word_1_304' title='bbox 1759 3608 1902 3668; x_wconf 74' lang='lat' dir='ltr'><strong>elne</strong></span> <span class='ocrx_word' id='word_1_305' title='bbox 1939 3607 2068 3668; x_wconf 84' lang='lat' dir='ltr'><strong>ulla</strong></span> <span class='ocrx_word' id='word_1_306' title='bbox 2103 3608 2266 3670; x_wconf 85' lang='lat' dir='ltr'><strong>belli</strong></span> 
     </span>
     <span class='ocr_line' id='line_1_43' title="bbox 256 3686 2260 3771; baseline -0.004 -15"><span class='ocrx_word' id='word_1_307' title='bbox 256 3713 446 3756; x_wconf 74' lang='lat' dir='ltr'><strong>mora</strong></span> <span class='ocrx_word' id='word_1_308' title='bbox 480 3692 692 3753; x_wconf 78' lang='lat' dir='ltr'><strong>victus</strong></span> <span class='ocrx_word' id='word_1_309' title='bbox 725 3705 885 3753; x_wconf 84' lang='lat' dir='ltr'><strong>erat.</strong></span> <span class='ocrx_word' id='word_1_310' title='bbox 934 3690 1265 3771; x_wconf 74' lang='lat' dir='ltr'><strong>Ajuntque</strong></span> <span class='ocrx_word' id='word_1_311' title='bbox 1282 3690 1532 3770; x_wconf 67' lang='lat' dir='ltr'><strong>Pomqui</strong></span> <span class='ocrx_word' id='word_1_312' title='bbox 1557 3686 1881 3768; x_wconf 72' lang='lat' dir='ltr'><strong>praedic-affl·</strong></span> <span class='ocrx_word' id='word_1_313' title='bbox 1903 3688 2260 3769; x_wconf 59' lang='lat' dir='ltr'><strong>filieitatem,</strong></span> 
     </span>
     <span class='ocr_line' id='line_1_44' title="bbox 262 3770 2264 3855; baseline -0.006 -19"><span class='ocrx_word' id='word_1_314' title='bbox 262 3780 351 3836; x_wconf 79' lang='lat' dir='ltr'><strong>cui</strong></span> <span class='ocrx_word' id='word_1_315' title='bbox 392 3796 465 3833; x_wconf 84' lang='lat' dir='ltr'><strong>ex</strong></span> <span class='ocrx_word' id='word_1_316' title='bbox 501 3794 559 3831; x_wconf 85' lang='lat' dir='ltr'><strong>eo</strong></span> <span class='ocrx_word' id='word_1_317' title='bbox 588 3794 788 3855; x_wconf 81' lang='lat' dir='ltr'><strong>genere</strong></span> <span class='ocrx_word' id='word_1_318' title='bbox 824 3771 1052 3848; x_wconf 79' lang='lat' dir='ltr'><strong>hostium</strong></span> <span class='ocrx_word' id='word_1_319' title='bbox 1086 3790 1202 3829; x_wconf 79' lang='lat' dir='ltr'><strong>cum</strong></span> <span class='ocrx_word' id='word_1_320' title='bbox 1236 3774 1445 3851; x_wconf 78' lang='lat' dir='ltr'><strong>ingenti</strong></span> <span class='ocrx_word' id='word_1_321' title='bbox 1474 3770 1660 3850; x_wconf 78' lang='lat' dir='ltr'><strong>gloria</strong></span> <span class='ocrx_word' id='word_1_322' title='bbox 1687 3790 2090 3849; x_wconf 74' lang='lat' dir='ltr'><strong>cognomentum</strong></span> <span class='ocrx_word' id='word_1_323' title='bbox 2119 3772 2264 3831; x_wconf 79' lang='lat' dir='ltr'><strong>Ma-</strong></span> 
     </span>
     <span class='ocr_line' id='line_1_45' title="bbox 250 3848 2266 3942; baseline -0.001 -25"><span class='ocrx_word' id='word_1_324' title='bbox 250 3860 359 3942; x_wconf 82' lang='lat' dir='ltr'><strong>gni</strong></span> <span class='ocrx_word' id='word_1_325' title='bbox 402 3872 631 3939; x_wconf 81' lang='lat' dir='ltr'><strong>partum</strong></span> <span class='ocrx_word' id='word_1_326' title='bbox 666 3853 815 3936; x_wconf 77' lang='lat' dir='ltr'><strong>effit.</strong></span> <span class='ocrx_word' id='word_1_327' title='bbox 898 3854 1169 3923; x_wconf 79' lang='lat' dir='ltr'><strong>Romam</strong></span> <span class='ocrx_word' id='word_1_328' title='bbox 1211 3860 1393 3921; x_wconf 80' lang='lat' dir='ltr'><strong>certe</strong></span> <span class='ocrx_word' id='word_1_329' title='bbox 1440 3851 1771 3937; x_wconf 79' lang='lat' dir='ltr'><strong>scripsill&#39;e</strong></span> <span class='ocrx_word' id='word_1_330' title='bbox 1819 3848 2114 3915; x_wconf 85' lang='lat' dir='ltr'><strong>creditur</strong></span> <span class='ocrx_word' id='word_1_331' title='bbox 2155 3872 2266 3915; x_wconf 87' lang='lat' dir='ltr'><strong>ce·</strong></span> 
     </span>
    </p>
   </div>
   <div class='ocr_carea' id='block_1_7' title="bbox 264 4033 2255 4190">
    <p class='ocr_par' dir='ltr' id='par_1_8' title="bbox 264 4033 2255 4190">
     <span class='ocr_line' id='line_1_46' title="bbox 332 4033 2255 4119; baseline 0.001 -23"><span class='ocrx_word' id='word_1_332' title='bbox 332 4033 687 4119; x_wconf 53' lang='lat' dir='ltr'><strong>eapxxn.</strong></span> <span class='ocrx_word' id='word_1_333' title='bbox 726 4042 863 4097; x_wconf 88' lang='lat' dir='ltr'><strong>Dio.</strong></span> <span class='ocrx_word' id='word_1_334' title='bbox 902 4041 1060 4095; x_wconf 73' lang='lat' dir='ltr'><strong>Hirr.</strong></span> <span class='ocrx_word' id='word_1_335' title='bbox 1132 4040 1507 4111; x_wconf 53' lang='lat' dir='ltr'><strong>capdtxlu.</strong></span> <span class='ocrx_word' id='word_1_336' title='bbox 1543 4039 1699 4099; x_wconf 84' lang='lat' dir='ltr'><strong>Plut.</strong></span> <span class='ocrx_word' id='word_1_337' title='bbox 1737 4037 1908 4101; x_wconf 73' lang='lat' dir='ltr'><strong>Caes,</strong></span> <span class='ocrx_word' id='word_1_338' title='bbox 1945 4036 2099 4095; x_wconf 82' lang='lat' dir='ltr'><strong>nirt.</strong></span> <span class='ocrx_word' id='word_1_339' title='bbox 2129 4038 2255 4097; x_wconf 77' lang='lat' dir='ltr'><strong>Liv.</strong></span> 
     </span>
     <span class='ocr_line' id='line_1_47' title="bbox 264 4108 1679 4190; baseline -0.001 -21"><span class='ocrx_word' id='word_1_340' title='bbox 264 4114 428 4190; x_wconf 80' lang='lat' dir='ltr'><strong>Epit.</strong></span> <span class='ocrx_word' id='word_1_341' title='bbox 470 4112 729 4187; x_wconf 66' lang='lat' dir='ltr'><strong>Appiam,</strong></span> <span class='ocrx_word' id='word_1_342' title='bbox 766 4112 922 4169; x_wconf 76' lang='lat' dir='ltr'><strong>mut.</strong></span> <span class='ocrx_word' id='word_1_343' title='bbox 958 4110 1125 4172; x_wconf 74' lang='lat' dir='ltr'><strong>Flor.</strong></span> <span class='ocrx_word' id='word_1_344' title='bbox 1166 4108 1423 4187; x_wconf 70' lang='lat' dir='ltr'><strong>Appian-</strong></span> <span class='ocrx_word' id='word_1_345' title='bbox 1669 4125 1679 4136; x_wconf 69' lang='lat'><strong>¹</strong></span> 
     </span>
    </p>
   </div>
  </div>
 </body>
</html>
