2892 4684
527 281 619 346 IN
657 280 962 345 Locum
1001 279 1166 342 LIB.
1197 277 1543 344 CXXXVI.
1586 273 1819 342 LIVII.
2060 281 2183 356 749

209 509 371 550 nam
403 508 526 550 uec
593 509 710 573 par
761 485 924 548 illud
973 486 1148 548 inter
1194 487 1473 565 majores
1520 487 1857 566 consules,
1916 487 2027 568 qui
2066 503 2188 546 no·
2250 478 2544 547 (Le-735·

208 592 376 632 meu
407 589 572 632 anno
602 570 850 639 dabant,
885 569 1218 651 reperias:
1251 583 1316 628 et
1347 568 1473 630 hoc
1496 566 1753 650 quidem
1788 574 1953 628 anno
1984 565 2189 628 factos
2250 553 2319 606 ⁸·
2341 551 2408 607 c·
2436 563 2525 618 ¹7·

213 673 312 714 ex
355 653 716 734 priscorum
755 663 1308 715 monumentorum
1352 647 1482 709 fide
1530 649 1683 709 satis
1728 646 1983 709 constat.
2066 649 2190 708 His

213 733 402 794 ludis
459 729 717 813 Augusti
767 720 925 808 juffu
979 731 1268 792 seculare
1324 747 1581 790 carmen
1635 729 1965 814 Horatius·
1998 733 2191 812 poeta

218 813 541 875 condidit.
627 813 832 872 Ullum
869 831 952 872 eo
989 825 1282 896 tempore
1318 825 1701 872 nocturnum
1756 831 1785 872 a
1834 811 2189 872 ectaculum

216 915 260 954 a
286 894 622 973 juvenibus
651 894 988 974 utriusque
1021 912 1210 953 sexus
1239 893 1639 975 frequentari
1662 911 1783 976 pro
1832 891 1999 953 ibuit
2030 892 2191 953 Cae-

219 995 374 1046 sar,
435 975 564 1034 nisi
597 993 742 1035 cum
783 973 1002 1055 aliquo
1041 973 1282 1053 majore
1325 985 1477 1034 natu
1516 973 2048 1069 propinquorum.

346 1057 601 1116 XLVII.
649 1057 812 1114 Tum
869 1074 1126 1138 quoque
1167 1057 1563 1124 Germanos,
1606 1052 1929 1114 vindictae
1964 1054 2189 1138 magis,
2250 1056 2506 1113 German!

213 1157 416 1222 quam
439 1136 742 1206 cautioni,
772 1135 1076 1208 intentos,
1098 1141 1184 1196 Μ.
1209 1136 1457 1199 Lollius
1480 1135 1723 1217 legatus
1742 1136 2038 1197 Caesaris
2057 1139 2185 1195 cir·
2214 1129 2497 1207 vincum-15
2513 1141 2548 1176 ⁸

216 1219 558 1280 cumvenit
593 1215 874 1288 insidiis,
921 1221 1230 1300 gravique
1263 1211 1453 1277 'clade
1499 1217 1771 1277 vexavit.
1856 1217 1941 1278 At
1979 1217 2043 1276 in
2079 1237 2189 1276 ur·
2219 1193 2525 1253 Μ’·ιοηω·

213 1300 316 1362 he
350 1300 516 1382 legis
562 1299 822 1360 Cinciae
863 1311 1080 1380 caput.
1145 1317 1226 1358 ne
1265 1298 1410 1380 quis
1453 1295 1537 1358 ob
1584 1297 1849 1357 cauffam
1888 1297 2195 1360 orandam

219 1380 572 1465 pecuniam
603 1378 924 1440 donumve
952 1377 1250 1462 adcipiat,
1297 1379 1591 1438 revocari
1622 1378 1904 1474 placuit3
1944 1378 2187 1451 addito,

215 1475 306 1522 ut
347 1459 768 1544 quadruplum
809 1458 1199 1542 perderent,
1264 1460 1371 1542 qui
1418 1458 1845 1541 adcepiss‘ent:
1900 1459 2151 1538 judices
2177 1499 2197 1532 ,

215 1543 299 1604 in
349 1561 536 1626 quem
581 1561 810 1600 annum
843 1539 1058 1602 sortiti
1091 1541 1327 1612 essent,
1390 1539 1616 1600 domos
1650 1540 2029 1622 litigantium
2070 1559 2203 1600 non

215 1623 524 1707 ingredi:
571 1620 976 1684 aenatoribus
1013 1625 1202 1682 etiam
1231 1619 1755 1703 infrequentibus
1784 1622 2003 1704 augeri
2035 1622 2199 1681 mul·
2246 1670 2258 1683 .

216 1717 429 1772 ctam,
494 1716 561 1764 et
604 1704 717 1787 qui
763 1702 904 1764 sine
961 1703 1285 1786 probabili
1338 1701 1541 1764 causs'a
1592 1701 1659 1763 in
1703 1703 1943 1764 curiam
1984 1703 2195 1764 serius

224 1785 657 1848 adceffiffent.
2530 1835 2553 1858 ‚

335 1867 642 1932 ,XLVIIL
684 1866 762 1926 L.
805 1863 1095 1927 Domitio
1139 1865 1253 1925 Cn.
1285 1864 1358 1924 F.
1391 1867 1467 1926 L.
1500 1869 1575 1928 N.
1610 1864 2076 1937 Ahenobarbo,
2113 1865 2193 1926 P.
2257 1860 2329 1921 U.
2359 1879 2414 1919 c.
2444 1861 2568 1932 736.

225 1947 547 2009 Cornelio
576 1948 656 2006 P.
685 1947 760 2006 F.
787 1947 863 2006 P.
896 1951 976 2008 N.
1003 1946 1119 2008 Sei
1171 1947 1320 2007 ione
1355 1947 1773 2018 consulibua,
1846 1949 1913 2024 ‘m
1955 1947 2196 2008 Gallia·
2254 1933 2533 2012 *bc-¹⁶.-

213 2029 648 2111 profecturus
687 2028 922 2090 Caesar
949 1967 1254 2109 temprum
1293 2026 1555 2120 Quirini
1591 2027 1903 2089 refectum
1938 2049 1969 2087 a
1993 2047 2062 2088 se
2084 2029 2193 2089 de·
2253 2003 2323 2084 .Ῑ’·
2352 2003 2571 2122 gfff-

227 2110 478 2170 dicavit
505 2128 522 2184 3
567 2111 635 2168 in
677 2127 806 2190 quo
841 2127 1032 2192 quum
1063 2127 1176 2168 sex
1201 2121 1268 2168 et
1293 2110 1697 2191 septuaginta
1733 2111 2057 2168 columnas
2085 2125 2197 2192 po·
2226 2081 2386 2194 3330
2403 2086 2571 2191 '0012

230 2191 500 2260 sufflet,
567 2188 890 2272 postquam
925 2188 1196 2249 totidem
1229 2208 1431 2250 annos
1472 2189 1755 2250 vivendo
1792 2192 2161 2270 expleverat
2185 2233 2201 2260 ,
2272 2207 2539 2274 τωρωι.

227 2290 371 2331 non
411 2285 658 2333 temere
697 2270 920 2332 fecill'e
965 2265 1350 2330 existimatus
1385 2267 1494 2330 est.
1542 2270 1692 2333 Inde
1726 2289 1845 2353 per
1865 2272 2203 2334 'siben-ium
2233 2277 2461 2342 Qum-03.

229 2367 304 2415 et
341 2353 622 2413 Drusum
668 2351 1044 2434 privignos,
1117 2351 1350 2432 quibus
1401 2351 1571 2414 hunc
1614 2349 1925 2412 bonorem
1978 2351 2201 2414 decer·
2269 2347 2379 2396 our
2400 2344 2577 2406 ‘'¹¹8⁸-

225 2432 520 2494 nendum
553 2433 632 2493 ab
657 2442 880 2496 senatu
915 2445 1274 2503 curaverat,
1317 2452 1547 2493 munus
1584 2432 2030 2512 gladiatorium
2068 2433 2201 2496 edi·
2226 2414 2339 2475 μ’*
2356 2413 2431 2474 fi'
2490 2425 2573 2458 '⁰‘

229 2515 356 2576 dit.
443 2514 704 2576 Itineris
751 2512 1080 2584 caussam,.
1111 2511 1222 2596 qui
1272 2528 1557 2574 secretas
1596 2515 1925 2597 Principis
1950 2516 2201 2597 cogita·
2223 2483 2499 2600 -ἔὲἳῖᾗ,”

227 2595 456 2658 tiones
486 2597 818 2668 rimantur,
863 2607 950 2666 et,
987 2593 1118 2656 nisi
1153 2595 1505 2676 reperiant,
1552 2592 1819 2677 lingunt,
1866 2617 2207 2678 numquam

228 2675 344 2738 vel
401 2675 810 2736 evidentibus
861 2675 1188 2747 contenti,
1246 2674 1479 2757 partim
1512 2677 1579 2738 in
1633 2676 1812 2758 leges
1860 2697 2069 2758 nuper
2116 2677 2208 2738 la·

231 2772 336 2818 tas
379 2755 790 2827 referebant,
855 2775 1010 2837 quaa
1053 2769 1159 2815 aut
1199 2757 1495 2818 exerceri
1540 2777 1685 2818 cum
1736 2756 1983 2826 offensa
2010 2799 2027 2828 ‚
2100 2772 2209 2818 aut

231 2837 490 2920 negligi
536 2857 679 2898 cum
711 2833 1034 2898 dedecore
1069 2855 1234 2921 opus
1269 2837 1461 2912 effet3
1506 2837 1657 2898 ideo
1690 2837 1951 2898 Solonis
1990 2859 2207 2900 exem-

233 2920 353 3004 plo
389 2919 517 2979 sibi
553 2916 1144 3001 peregrinationem
1182 2915 1499 2978 indixiss'e.
1542 2922 1679 2992 Nec
1712 2916 2021 2990 deerant,
2066 2921 2199 3001 qui,

233 3016 311 3062 ut
339 3020 558 3062 amore
581 2997 978 3062 Terentillae
1009 2998 1300 3060 securius
1328 2995 1682 3070 frueretur,
1728 3018 1939 3080 neque
1962 3019 2211 3061 sermo-

235 3081 436 3156 nibus
475 3081 541 3142 in
577 3081 740 3142 urbe
776 3099 908 3140 non
952 3076 1230 3138 vitandis
1269 3097 1471 3160 seque
1518 3093 1585 3140 et
1616 3079 1787 3141 illam
1832 3079 2079 3142 traduci
2118 3081 2207 3143 si-

239 3176 473 3236 neret,
535 3163 604 3222 id
644 3161 904 3224 consilii
952 3159 1187 3242 cepiss'e
1235 3158 1549 3224 dicerent.
1596 3161 1780 3222 Hanc
1822 3163 1993 3222 enim
2038 3166 2217 3224 Mae·

167 3290 186 3310 .
243 3244 462 3308 cenati
493 3264 532 3307 ιι
629 3257 752 3306 tam
794 3239 890 3303 sic
931 3238 1308 3323 deperibat,
1373 3253 1444 3301 ut
1498 3261 1635 3301 eam
1686 3242 2029 3324 aliquando
2070 3263 2216 3304 cer-

241 3338 386 3386 tare
441 3323 522 3385 de
608 3344 786 3385 orma
847 3342 989 3386 cum
1035 3319 1220 3381 Livia
1265 3322 1715 3403 compelleret.
1800 3324 2101 3386 Ceterum
2148 3325 2219 3387 iu

239 3425 368 3488 pro
454 3407 590 3467 tulo
635 3405 988 3467 Galliarum
1027 3414 1166 3463 erat
1197 3401 1455 3464 fortuna
1477 3443 1495 3475 ‚
1560 3423 1723 3486 quae
1754 3403 1955 3466 rariia
1988 3426 2021 3466 a
2056 3405 2221 3466 nati-

247 3485 359 3546 oni
410 3507 481 3546 us
525 3485 873 3549 vexabatur
902 3527 920 3559 ,
968 3498 1031 3546 et
1067 3483 1534 3546 Germanorum
1562 3485 1813 3568 magnis
1842 3499 1979 3550 acta
2012 3499 2225 3548 terro-

249 3565 437 3627 ribus
471 3586 688 3631 curam
727 3563 990 3648 Augusti
1035 3563 1468 3624 desiderabat.
2414 3595 2439 3618 ο

377 3648 600 3708 XLIX.
649 3647 1007 3718 Sicambri,
1067 3645 1408 3728 Usipetes,
1478 3644 1875 3718 Tenchteri‚
1935 3659 2231 3708 nontam
2290 3643 2545 3699 Ger-¹⁸⁸3

247 3726 444 3790 fracti
479 3728 812 3812 prioribus
841 3727 1138 3813 proeliis,
1190 3747 1376 3810 quam
1414 3725 1677 3800 irritati,
1722 3727 2230 3812 comprehensos
2248 3711 2473 3849 ἵκεις*
2505 3725 2601 3770 ¹¹⁸⁸·-

334 3915 721 3996 ⁰³P·.¹¹⁴V!·
792 3914 1122 3970 comment.
1161 3913 1220 3967 in
1258 3912 1485 3978 Festos,
1540 3923 1597 3966 et
1625 3911 1793 3984 Pigb.
1825 3911 1986 3994 Anu..
2009 3911 2229 3968 Zosim.

263 3983 578 4038 Censorius.
621 3985 761 4037 Dio.
835 3984 983 4056 Gap.
1015 3980 1245 4039 XLVII.
1291 3983 1432 4034 Tac.
1471 3982 1622 4035 Ami.
1658 3999 1750 4040 n.
1788 4000 1867 4033 ιι.
1919 3983 2049 4036 Vita
2081 3981 2231 4036 Hor.

263 4051 422 4173 3)qu
447 4053 698 4109 Sueten.
739 4051 998 4130 Sueton.
1019 4055 1168 4127 Aug.
1195 4053 1284 4109 δι.
1320 4048 1434 4106 Jul.
1469 4049 1687 4123 Obseq.
1720 4051 1862 4130 Tac.
1892 4047 2042 4104 Anu.
2072 4051 2229 4116 nst.

2848 4418 2862 4468 ΑΨ·
2848 4331 2862 4382 ,ι
2852 4226 2857 4239 -
