2892 4684
1366 152 1391 189 Ι

615 260 709 323 m
738 256 1041 325 Loctm
1078 258 1243 323 Lm.
1278 258 1566 363 cuxiv.
1601 258 1834 328 mvn.
2129 258 2253 343 431>

256 480 369 551 pta
420 468 601 553 galea
654 468 858 551 patris
906 486 1143 530 nomen
1194 468 1413 539 ciens,
1473 488 1638 531 voce
1689 468 1876 529 simul
1931 488 2250 551 manuque
2307 474 2378 531 U.
2449 513 2461 526 .

259 550 647 633 provocavit
679 549 899 611 fatum.
985 554 1213 633 Neque
1251 548 1572 613 dissimilis
1606 550 1732 612 fuit
1761 550 1972 613 exitus
1991 550 2066 609 L.
2093 553 2246 612 Cas·
2307 542 2355 598 Α

263 632 373 701 eii,
412 633 522 715 qui
554 630 756 692 fratre
784 633 871 692 im
923 631 1199 691 eratoris
1228 645 1366 694 erat
1388 632 1684 715 genitus;
1730 631 2084 714 eademque
2108 631 2246 693 for-

262 724 419 773 tuna
489 712 843 774 raesectum
902 712 1122 773 abrum
1144 712 1460 783 Flavium,
1493 712 1786 797 adprime
1809 727 2056 795 gratum
2077 716 2246 774 Bru-

260 804 371 866 to,
416 734 697 857 abstulit.
761 798 1021 855 Marcus
1052 794 1241 855 etiam
1272 795 1603 866 Lucullus,
1645 795 2122 857 eminentissimi
2152 794 2249 855 ei-

264 874 371 935 vis
412 872 623 948 filius,
692 874 963 937 Antonii
1014 874 1174 954 juffu
1228 876 1698 959 interemptus,
1765 880 1844 937 Τ.
1894 876 2246 938 Volumnio

196 972 211 983 ‘
264 956 571 1051 supplicii
609 958 877 1018 cauffam
908 955 1225 1040 praebuit.
1308 961 1464 1019 Nam
1487 960 1579 1032 is,
1626 958 1692 1018 in
1729 978 1954 1039 magna
1985 956 2245 1040 fugien-

261 1036 330 1097 di
372 1039 634 1099 licentia
675 1039 1051 1121 complexus
1094 1038 1282 1100 amici
1325 1038 1638 1111 cadaver,
1701 1040 1894 1099 nimia
1937 1040 2245 1121 et-perti-

257 1119 409 1179 naci
448 1120 905 1181 lamentatione
943 1118 1187 1179 milites
1230 1120 1501 1192 excivit,
1557 1135 1630 1181 ut
1661 1120 1739 1182 ab
1775 1120 1878 1181 his
1923 1119 2002 1180 ad
2039 1123 2248 1183 Anto-

256 1200 443 1261 nium
494 1200 1009 1283 protraheretur.
1090 1200 1203 1262 ubi
1257 1217 1329 1267 se
1376 1202 1698 1283 prosess'us
1743 1216 2070 1262 auctorem
2115 1204 2247 1261 Lu-

258 1282 441 1341 cullo
484 1282 831 1342 sumendae
870 1280 1173 1353 militiae,
1236 1296 1303 1344 et
1336 1284 1512 1363 juxta
1549 1284 1820 1344 amicum
1856 1283 2248 1344 occumbere
2311 1292 2320 1301 “

260 1376 533 1444 optans,
594 1382 675 1423 eo
720 1362 1057 1437 deductus,
1129 1362 1416 1426 dextram
1459 1364 1715 1426 Luculli
1755 1364 2080 1425 osculatus
2124 1362 2246 1441 ess3

260 1456 369 1513 et,
416 1444 664 1525 capite,
712 1444 885 1528 quod
924 1446 1244 1506 abscisum
1282 1445 1553 1523 iacebat,
1599 1445 1677 1505 ad
1715 1459 1942 1525 pectus
1979 1444 2251 1529 adpres-

264 1543 385 1591 ιο.
448 1526 769 1585 cervicem
865 1527 1177 1588 ercuss'ori
1222 1526 1541 1610 praebuit.
1628 1526 1796 1594 Alii,
1855 1526 2053 1587 rebus
2096 1546 2251 1608 per-

262 1602 467 1677 ditis,
532 1625 643 1665 sua
680 1620 789 1667 aut
852 1608 1237 1669 amiliarium
1274 1628 1460 1668 manu
1499 1607 1957 1690 quaesiverunt
2003 1626 2252 1667 necem.

262 1704 547 1767 quorum
600 1686 859 1759 Labeo,
924 1688 1027 1749 vir
1075 1690 1423 1770 egregius,
1481 1689 1732 1767 legatus
1783 1688 2011 1758 Bruti,
2071 1701 2260 1769 pater

220 1787 227 1799 ’
262 1767 409 1842 eius
439 1767 785 1839 Labeonis,
848 1770 940 1829 ⁴ui
974 1789 1121 1829 mox
1155 1770 1398 1852 insigni
1431 1770 1665 1853 peritia
1695 1768 1856 1846 iuris
1891 1790 2082 1851 supra
2117 1788 2254 1829 mo-

264 1846 421 1907 dum
456 1850 801 1920 inclaruit,
878 1851 1005 1911 offa
1044 1851 1109 1911 in
1151 1852 1439 1913 tentorio
1478 1851 1556 1912 ad
1593 1850 1849 1911 modum
1885 1850 1983 1910 sui
2017 1869 2256 1933 corpo-

261 1929 365 1989 ris
414 1928 684 2001 effecta,
740 1930 1039 2015 datisque
1083 1932 1161 1993 ad
1209 1952 1474 1993 uxorem
1527 1948 1586 1993 et
1630 1931 1878 1993 liberos
1916 1930 2254 2003 mandatis,

264 2008 637 2072 fidiffimum
682 2032 1023 2075 servorum
1058 2014 1444 2096 circumegit
1481 2013 1803 2075 libertatis
1839 2012 2080 2080 causs'a,
2125 2012 2262 2093 gla-

266 2091 518 2188 dioque
552 2092 703 2155 ‹lato
736 2093 1023 2177 jugulum
1058 2096 1384 2179 praebuit.
1457 2094 1706 2163 Eodem
1739 2094 1931 2155 modo
1961 2106 2025 2155 et
2052 2092 2261 2172 Quin-

268 2176 497 2237 ctihus
525 2176 737 2239 Varus
780 2176 1017 2259 periit,
1082 2177 1340 2239 occisus
1389 2198 1420 2237 a
1465 2178 1740 2245 liberto,
1804 2195 1994 2258 quum
2045 2196 2116 2235 se
2159 2174 2262 2233 in-

270 2255 573 2338 signibus
612 2256 935 2317 honorum
972 2258 1256 2319 velass'et.
1301 2278 1445 2317 nam
1469 2259 1726 2337 Drusus
1765 2276 1877 2317 sua
1912 2254 2040 2318 sibi
2074 2276 2264 2315 manu

270 2338 599 2401 conscivit
632 2358 892 2408 necem,
956 2338 1205 2401 Liviam
1238 2338 1618 2422 relinquens
1656 2336 1848 2399 {iliam
1871 2379 1888 2409 ,
1950 2350 2015 2397 et
2055 2355 2264 2419 nepo-

268 2431 409 2481 tem
444 2438 523 2480 ex
560 2440 635 2481 ea
660 2420 997 2481 Tiberium
1024 2462 1041 2493 ‚
1104 2420 1474 2503 privignum
1520 2420 1802 2482 futurum
1846 2420 2144 2481 Caesaris
2197 2428 2266 2479 et

274 2501 732 2563 suceess'orem.
792 2500 881 2562 ita
923 2518 1033 2564 res
1075 2500 1384 2563 humanas
1431 2501 1633 2563 fatum
1675 2500 1808 2583 agit
1847 2513 2169 2582 rotatque.

402 2620 573 2695 XXI'.
636 2634 723 2694 At
759 2631 1083 2705 victores,
1134 2632 1596 2715 imperatorum
1641 2633 1884 2695 monitu
1929 2650 2051 2691 nec
2089 2630 2262 2691 occi·
2323 2641 2591 2695 Antonius

282 2716 668 2777 dei-eiusce
692 2758 707 2784 ,
751 2732 873 2773 nec
908 2734 1144 2797 capere
1182 2728 1502 2785 curantes,
1549 2714 1675 2777 hoc
1698 2728 1940 2776 tantum
1965 2725 2262 2794 egerunt,
2291 2712 2443 2793 daces
2483 2712 2574 2763 Ιιο·

282 2812 355 2859 ut
396 2796 655 2857 diversa
692 2796 757 2854 in
791 2794 933 2855 loca
974 2813 1047 2856 se
1084 2795 1483 2877 recipientes
1527 2795 1942 2865 clauderent,
2005 2814 2088 2857 ne
2140 2793 2263 2854 ito·
2281 2782 2440 2861 flmm-
2468 2792 2592 2846 per.

280 2897 429 2940 rum
468 2877 1040 2958 conjungerentur.
1086 2873 1317 2936 Castris
1349 2876 1746 2957 prohibendi
1777 2870 2121 2959 praecipua
2154 2894 2265 2935 cu·
2291 2857 2558 2919 ‘'q“m'·
2643 2930 2660 2939 ,

280 2982 353 3021 ra
398 2957 558 3028 fuit,
605 2971 1107 3040 occupatumque
1151 2977 1291 3017 cum
1334 2958 1632 3038 periculo
1672 2970 1924 3041 portam
1973 2956 2266 3017 occluse-

282 3054 439 3101 runt
494 3038 954 3099 incidentibus.
1040 3038 1294 3099 ldcirco
1346 3038 1500 3121 fuga
1545 3040 1696 3099 inde
1741 3036 1819 3099 ad
1863 3058 2036 3097 mare
2078 3056 2270 3097 versa

280 3132 695 3202 montesque.
779 3118 877 3179 lbi
916 3120 1152 3180 Caesar
1186 3119 1264 3180 ad
1302 3116 1494 3180 eastra
1531 3120 1802 3183 hostium
1836 3116 2153 3188 constitit,
2200 3128 2273 3177 ut

284 3216 639 3285 erupturos
676 3200 1011 3282 exciperet
1026 3220 1046 3277 3
1092 3202 1381 3263 Antonio
1425 3200 1505 3261 ad
1543 3202 1794 3285 reliqua
1837 3198 1996 3259 belli
2041 3196 2272 3295 profli-

286 3284 495 3365 ganda
548 3295 963 3365 properante.
1053 3282 1189 3343 Sed
1226 3282 1376 3343 huic
1423 3282 1742 3363 potissima
1779 3300 1932 3341 cura
1967 3279 2130 3351 suut,
2190 3298 2274 3339 ne

288 3366 493 3428 duces
530 3364 980 3433 elaberentur,
1010 3362 1240 3423 denuo
1279 3364 1649 3445 pugnaturi.
1719 3361 1926 3443 Igitur
1957 3360 2062 3421 his
2102 3359 2275 3420 exci-

336 3444 551 3511 iendis
613 3463 1128 3527 quaquaversum
1193 3444 1439 3505 dimisit
1510 3446 1806 3527 equitem
1878 3442 2053 3502 inter
2113 3460 2277 3522 quos

352 3528 531 3591 hasci
571 3526 920 3609 praecipua
955 3524 1081 3586 fuit
1115 3545 1357 3607 opera3
1418 3526 1530 3609 qui
1574 3544 1717 3586 eum
1748 3520 2110 3584 Thracibus
2141 3521 2278 3583 suis

292 3610 637 3693 regionum
696 3607 915 3690 gnaris
972 3607 1283 3668 montium
1351 3607 1533 3667 sinus
1589 3606 2002 3687 latebrasque
2054 3620 2279 3664 omnes

238 3734 249 3743 -
292 3689 860 3773 perserutabatur,
925 3687 1044 3751 hac
1098 3704 1163 3751 et
1210 3698 1427 3749 cetera
1474 3686 1814 3771 diligentia
1856 3684 2117 3771 fideque
2166 3703 2280 3746 sua

290 3768 797 3858 Rhascupolidis
835 3770 1061 3843 fratris
1102 3769 1367 3837 salutem
1402 3770 1830 3854 promeritus·

352 3990 667 4072 ⁴Cap..,XX.
706 3986 859 4069 ven:
891 4002 943 4051 a,
972 4002 1061 4051 7¹·
1116 3982 1369 4069 Appjan·
1408 3982 1561 4038 Plut.
1603 3984 1755 4037 Vell.
1805 3981 1938 4063 VaJ.
1973 3982 2124 4035 Max.
2146 3980 2201 4049 ᾧ,
2220 3997 2276 4047 7.

296 4060 450 4183 Ϊχὶἰᾶ..
484 4057 641 4195 glitgt'.
658 4053 1324 4199 1.AJ17P¹22'A{3;¹2{nP¹⁰’
1362 4051 1403 4109 l.
1431 4052 1520 4121 48.
1562 4050 1808 4110 Sueten.
1845 4049 1979 4108 Τὼ.
2001 4052 2054 4107 5.
2130 4050 2278 4123 Cap.
