2892 4684
639 284 729 349 m
765 280 1065 350 socon
1104 286 1262 367 Lm.
1298 286 1549 357 cxxv.
1586 288 1814 359 mvn.
2107 294 2228 374 457
2351 248 2354 255 ’

274 510 515 581 perant
554 496 769 565 serio,
830 512 835 515 ·
874 499 1097 558 ecunia
1150 498 1433 582 undique
1483 501 1672 560 etiam
1717 520 1793 561 ex
1836 499 2226 566 ornamentis
2288 500 2354 555 U.
2381 516 2436 554 c.
2463 516 2588 569 qn·

275 580 665 661 templorum
694 514 999 646 cunilam,
1042 598 1167 640 non
1204 598 1325 661 per
1352 580 1591 640 ltaliam
1633 580 1843 653 modo,
1891 582 2004 642 sed
2037 580 2226 643 etiam
2284 572 2352 624 Α·
2375 570 2548 636 0-4*-

276 680 403 744 per
434 658 739 728 Galliam,
787 673 1007 740 quam,
1066 659 1299 735 Togatae
1336 663 1595 721 nomine
1637 676 1704 722 et
1741 662 2012 745 Alpibus
2059 664 2226 723 divi·
2319 662 2327 675 '

282 758 455 810 sam,
508 739 723 799 Italiae
762 760 965 821 nuper
1001 736 1514 810 contribuerant,
1575 760 1656 803 ne
1697 744 1970 804 seorsim
2015 742 2223 805 babitu

282 820 465 881 daret
500 838 709 880 ansam
744 821 1150 901 potentibus,
1196 842 1315 904 per
1348 822 1630 903 speeiem
1669 822 1806 902 ejus
1841 824 2225 887 obtinendae

280 900 687 986 provinciae,
734 902 1026 982 legiones
1069 904 1235 963 intra
1263 903 1498 964 ltaliam
1541 902 1852 965 habendis

402 1005 629 1071 XXIV·
688 1008 911 1089 Neque
958 1007 1215 1090 segnius
1254 1005 1329 1068 ab
1372 1008 1566 1068 altera
1606 1024 1786 1089 parte
1823 1030 1990 1070 arma
2035 1008 2222 1071 simul
2281 1030 2592 1088 ΔΑΜ

279 1101 469 1170 etque
509 1090 799 1149 convicia
834 1088 1289 1159 insonuerunt,
1333 1090 1738 1151 amarulentis
1773 1092 2093 1174 utrimque
2113 1088 2221 1151 'di-
2247 1105 2572 1173 saporam.

276 1169 401 1229 ctis
437 1191 505 1230 se
541 1168 815 1230 invicem
848 1169 1195 1249 petentium
1231 1168 1482 1229 ducum.
1550 1172 1620 1230 1..
1658 1172 1993 1244 Antonius,
2031 1194 2224 1255 quum

274 1246 749 1333 adipisceretur
784 1252 1174 1313 consulatum
1198 1292 1213 1322 ,
1262 1270 1371 1313 sex
1409 1250 1698 1333 legiones
1735 1251 2059 1315 babuerat.
2102 1252 2226 1314 bae

276 1340 411 1392 tum
452 1350 707 1414 quoque
745 1344 1050 1413 sequutae
1090 1346 1234 1391 sunt
1272 1350 1452 1401 eum,
1510 1351 1649 1392 cum
1691 1332 1834 1393 aliis
1865 1336 2060 1394 Marci
2093 1332 2223 1394 sra-

268 1412 399 1474 tris
434 1411 768 1485 undecim,
814 1432 1077 1493 quarum
1115 1426 1326 1472 curam
1363 1412 1631 1472 Calenus
1669 1411 1912 1497 agebat.
1995 1415 2220 1487 Caesa-

276 1490 340 1552 ri
370 1506 638 1573 quatuor
676 1492 965 1575 legiones
1004 1506 1186 1555 erant
1219 1494 1489 1573 Capuae,
1544 1512 1685 1554 cum
1725 1495 2069 1575 praetoriis
2110 1516 2220 1557 co-

241 1594 247 1601 ·
278 1568 611 1633 hortibus=
658 1594 769 1633 sex
796 1572 1145 1635 adducebat
1174 1594 1250 1634 ex
1272 1574 1586 1655 Hispania
1604 1574 2027 1637 Salvidienus.
2089 1578 2220 1635 Lu-

276 1653 386 1715 cio
422 1654 727 1735 pecuniae
768 1654 1187 1735 'suppetebant
1228 1676 1303 1715 ex
1338 1655 1576 1737 pacatis
1598 1656 1797 1717 Marci
1827 1656 2218 1757 provinciisj

276 1734 553 1804 Caesar,
598 1735 691 1796 uti
726 1734 1034 1807 diximus,
1079 1757 1114 1796 e
1154 1734 1318 1796 fanis
1357 1735 1643 1795 sumebat
1681 1751 1989 1811 mutuam,
2035 1757 2070 1797 e
2101 1738 2219 1798 Ca-

273 1814 511 1898 pitolio
548 1816 931 1899 praecipue,
991 1814 1221 1879 deinde
1267 1837 1345 1877 ex
1385 1816 1852 1879 celebrioribus
1893 1816 2217 1895 delubris,

272 1895 591 1969 Antiano,
638 1898 1001 1969 Lanuvino,
1046 1898 1470 1969 Nemorensi,
1514 1897 1881 1960 Tiburtino.

399 2000 599 2064 XXV.
663 2004 839 2064 luter
888 2002 1007 2065 bos
1058 2004 1273 2065 ltaliae
1322 2016 1528 2063 motus
1577 2024 1656 2065 ne
1702 2005 1907 2065 vicina
1955 2004 2216 2088 quidem
2269 2002 2596 2083 Sex-RQ?-

278 2082 435 2143 satis
476 2084 687 2166 quieta
726 2098 927 2145 erant.
1012 2084 1395 2166 Pompeius,
1453 2096 1630 2145 aucta
1667 2085 1958 2166 quotidie
1991 2101 2214 2169 poten·
2237 2077 2290 2145 1⁸³
2309 2084 2567 2147 “mmm

274 2164 401 2233 tia,
448 2184 639 2247 quum
677 2180 741 2225 et
774 2166 1153 2248 proscripti,
1196 2178 1263 2227 et
1298 2178 1552 2225 veteres
1583 2167 1754 2246 agris
1785 2166 1978 2245 ejecti
2004 2167 2219 2229 coloni

275 2242 655 2326 frequentes
692 2248 769 2307 ad
808 2265 952 2307 eum
988 2244 1589 2327 proficiscerentur,
1648 2244 1814 2307 baud
1862 2250 2094 2325 injuria
2139 2250 2220 2309 ti-

277 2324 604 2386 mebatur:
666 2326 1045 2409 praesertim
1088 2323 1403 2409 postquam
1446 2326 1686 2387 Statius
1718 2330 2018 2401 Murcus,
2077 2348 2220 2391 cum

276 2406 605 2485 omni'sna
646 2408 831 2467 claffe
869 2406 948 2467 ad
986 2408 1160 2467 illum
1201 2427 1271 2467 se
1304 2407 1680 2479 conferens,
1736 2407 1892 2469 duas
1929 2410 2221 2492 legiones

278 2502 423 2546 cum
472 2484 819 2569 sagittariis
870 2488 1280 2571 quingentis,
1342 2486 1772 2583 pecuniasque
1833 2492 2095 2562 multas,
2157 2502 2223 2555 et

276 2586 475 2628 naves
527 2571 847 2652 octoginta
894 2568 1275 2645 adduxerat3
1340 2570 1622 2651 aliasque
1664 2592 1925 2652 insuper
1963 2592 2222 2633 revoca·

274 2644 385 2709 bat
425 2668 461 2709 e
498 2648 927 2731 Cephallenia.
1014 2654 1237 2733 Neque
1282 2649 1550 2722 desunt,
1597 2650 1706 2731 qui
1747 2664 1876 2711 tum
1913 2665 2222 2735 opportu-

274 2746 425 2789 num
463 2743 713 2811 tenpus
756 2730 1147 2791 invadendae
1190 2731 1405 2793 Italiae
1453 2733 1954 2812 praetermiss'um
1999 2734 2062 2795 ei
2106 2756 2223 2815 pu-

274 2822 454 2884 tent,
514 2832 552 2872 o
600 2811 843 2895 press'ae
881 2812 1047 2873 fame
1070 2853 1089 2883 ,
1148 2824 1213 2873 et
1248 2812 1324 2873 ab
1364 2812 1509 2895 ipso
1547 2816 1977 2894 exspectantis
2013 2835 2222 2876 reme-

278 2890 493 2966 dium,
584 2912 685 2953 um
717 2890 1028 2954 Perusina
1066 2893 1476 2954 contentione
1512 2888 1908 2954 diversarum
1948 2896 2223 2977 partium
2326 2945 2334 2955 .

167 2966 195 3010 t
279 2972 477 3035 duces
527 2972 985 3040 distrahuntur,
1089 2972 1218 3034 Sed
1275 2987 1339 3035 et
1374 2973 1875 3049 Ahenobarbus,
1941 2976 2102 3037 sitos
2144 2974 2226 3035 ad

275 3055 527 3115 lonium
560 3074 732 3115 mare
764 3053 1118 3116 triumviris
1156 3053 1595 3115 obedientium
1631 3074 1820 3137 agros
1852 3054 2088 3116 vastare
2120 3076 2225 3117 so-

276 3132 473 3206 litus,
535 3132 944 3197 Brundisinis
995 3136 1159 3198 intra
1210 3155 1427 3197 muros
1481 3136 1868 3219 compulsis,
1922 3137 2225 3198 triremes

280 3217 575 3278 Caesaris
628 3232 971 3288 cremarat,
1040 3232 1145 3277 aut
1195 3216 1561 3277 abduxerat.
1666 3217 1879 3297 Igitur·
1917 3217 2224 3280 adversus

276 3296 448 3358 hunc
478 3318 599 3359 una
630 3298 808 3380 legio
834 3296 1139 3359 mittenda
1164 3298 1419 3360 Caesari
1452 3297 1596 3367 fuit,
1642 3298 1852 3359 alieno
1887 3304 2036 3361 'sane
2067 3312 2228 3361 tem-

332 3398 485 3438 ore:
526 3398 713 3461 quum
752 3379 1009 3440 interim
1046 3378 1295 3441 initium
1330 3378 1486 3439 belli
1523 3378 1758 3443 factum
1794 3380 1978 3454 effet,
2022 3380 2230 3464 pluri-

281 3400 531 3541 iiusque
583 3459 745 3521 locis
800 3460 975 3522 varia
1030 3461 1287 3523 fortuna
1340 3478 1744 3524 concursum.
1856 3462 1966 3523 Sic
2017 3476 2228 3523 autem

282 3554 681 3621 comparatae
716 3554 933 3625 partes
969 3557 1151 3605 erant
1172 3584 1192 3615 ,
1230 3555 1334 3613 ut,
1378 3539 1612 3623 quibus
1653 3542 1992 3625 placebant
2023 3562 2228 3605 novae

282 3620 612 3695 coloniae,
656 3622 993 3685 Caesarem
1029 3636 1496 3707 sequerentur;
1549 3624 1813 3706 populi,
1857 3644 2128 3707 quorum
2162 3645 2228 3683 a..

278 3702 387 3784 gri
421 3700 488 3761 in
524 3702 867 3765 discrimen
899 3718 1231 3779 venerant,
1277 3724 1349 3767 se
1386 3702 1850 3787 conjungerent
1877 3705 2183 3769 Antonio.

412 3810 641 3875 xxvi.
701 3812 909 3893 Quum
952 3788 1025 3869 in
1086 3828 1165 3871 eo
1216 3828 1324 3871 res
1378 3810 1616 3887 effent,
1680 3826 1905 3876 vocato
1958 3828 2223 3889 senatu,
2285 3818 2470 3871 Oratio

254 3890 559 3964 -Caesar,
630 3906 819 3977 atque
877 3891 1069 3953 etiam
1127 3892 1458 3977 equitibus
1509 3894 1816 3959 Romanis
1879 3895 2224 3973 adhibitis,
2250 3888 2492 4016 επ*
2509 3894 2570 3951 1⁸

350 4082 499 4155 Cap.
536 4086 740 4139 xx1v.
796 4084 1051 4160 Appian.
1135 4086 1281 4169 cap.
1312 4088 1494 4149 XXV.
1539 4092 1696 4157 Veli.
1725 4108 1786 4161 s,
1830 4108 1932 4161 72,
1970 4092 2224 4169 Appian-

278 4150 439 4241 Vess.
471 4146 729 4231 'Appiam
762 4154 887 4210 Liv.
920 4156 1082 4228 Epit.
1116 4157 1371 4230 Appian-
