2892 4684
580 191 592 200 ‘
710 248 834 328 950
941 244 1345 315 FREINSH.
1373 241 2208 324 SUPPLEMENTORUH
2234 244 2385 307 Lm.
2414 243 2524 304 ct.

2080 379 2497 390 ———-----—.--.—.
2516 383 2547 388 ...-
2568 379 2674 388 ———

473 467 528 506 e.
557 451 681 518 736.
709 449 777 512 in
805 452 946 534 ripa
988 471 1099 512 sua
1140 453 1467 512 Romanos
1504 449 1567 509 in
1614 469 1869 512 crucem
1900 463 2186 530 egerant.
2260 451 2416 512 -Hoc
2468 451 2711 512 veluti

465 521 530 576 ⁰·
561 522 644 578 ¹⁶·
707 547 1105 596 sacramento
1137 532 1406 594 collecta
1440 533 1671 613 ingens
1707 553 1924 592 manus
1958 531 2249 592 Rhenum
2290 551 2433 593 mox
2463 547 2705 594 trans—

703 614 915 685 ierat,
975 613 1331 696 vastataque
1373 614 1661 695 proxima
1700 625 1879 694 parte
1924 613 2306 684 Galliarum,
2372 634 2454 676 ne
2508 617 2707 677 Ger-

681 697 903 758 'manis
927 695 1184 776 quidem
1203 692 1565 774 jamdudum
1586 694 2016 756 incolentibus
2040 707 2378 774 parcentes
2398 737 2417 768 ,
2488 698 2701 780 equi·

699 789 894 840 tatum
947 779 1378 837 Romanorum
1437 772 1568 835 astu
1618 776 2120 838 circumventum
2176 775 2534 850 fuderunt,
2598 779 2695 837 ad

699 857 841 941 ipsa
871 877 1074 941 usque
1104 857 1300 918 Lollii
1323 853 1540 926 castra,
1582 855 1730 916 dum
1758 855 2157 938 fugientibus
2182 855 2429 931 instant,
2478 881 2693 942 prae-

696 951 803 1000 ter
840 939 1242 1020 propositum
1279 936 1564 998 deducti.
1648 940 1809 996 Tum
1842 956 2037 1005 vero,
2086 936 2407 1021 postquam
2440 940 2691 1036 perni-

697 1020 944 1091 ciosum
994 1019 1122 1080 sibi
1161 1020 1447 1080 futurum
1497 1037 1788 1079 errorem
1828 1018 2093 1090 videre,
2167 1020 2224 1082 si
2257 1019 2681 1092 faterentur,

695 1100 926 1165 eodem
967 1101 1214 1182 impetu
1250 1099 1525 1161 Lollium
1564 1113 2013 1162 occurrentem
2054 1098 2329 1182 adgress'i
2352 1143 2371 1174 ,
2416 1102 2683 1180 majore

694 1197 904 1246 tamen
950 1181 1336 1263 ignominia,
1381 1201 1565 1264 quam
1614 1180 1815 1252 clade,
1861 1182 2279 1264 repulerunt3
2324 1183 2545 1266 aquila
2580 1185 2685 1244 le-

695 1265 910 1348 gionis
990 1263 1204 1324 uintae
1239 1262 1452 1344 potiti.
1520 1263 1721 1344 lgitur
1750 1259 2102 1344 Augustus,
2148 1283 2260 1324 sua
2294 1265 2683 1347 praesentia

695 1364 858 1428 opus
909 1364 946 1406 e
1001 1365 1034 1405 e
1096 1341 1499 1414 existimans,
1568 1363 1757 1426 quem
1808 1345 2065 1405 interim
2122 1345 2266 1404 urbi
2312 1345 2683 1428 Italiaeque

693 1423 1117 1508 praeficeret,
1161 1425 1510 1485 dubitabat.
1554 1429 1639 1486 M.
1689 1425 1989 1487 Valerius
2026 1426 2339 1500 Messalla,
2448 1427 2683 1488 raese-

693 1521 912 1570 cturae
949 1526 1176 1568 nomen
1221 1503 1343 1566 sibi
1379 1505 1590 1587 primo
1631 1505 1905 1566 delatum
1940 1503 2075 1600 post
2112 1527 2348 1588 paucos
2374 1447 2525 1570 dlies
2554 1508 2677 1568 de-

691 1600 1040 1670 posuerat,
1105 1585 1475 1671 potestatem
1520 1586 1777 1648 nimiam
1832 1600 1897 1646 et
1942 1588 2271 1650 incivilem
2308 1588 2675 1650 exercendi

691 1669 974 1730 nescius.
1005 1673 1090 1729 Μ.
1123 1669 1477 1751 Agrippam
1515 1666 1584 1727 in
1624 1667 1869 1748 Syriam
1902 1668 2310 1730 remittebat:
2372 1671 2447 1730 C.
2480 1675 2669 1731 Mae·

695 1763 980 1813 cenatem
1021 1750 1320 1812 comitem
1359 1763 1497 1810 erat
1536 1747 1871 1809 habiturus
1918 1748 2003 1809 ob
2050 1750 2491 1813 Terentillam.
2544 1751 2671 1812 sed

695 1843 762 1892 et
795 1831 1130 1892 Tiberium
1151 1873 1168 1901 ‚
1213 1849 1588 1914 quamquam
1622 1829 1931 1892 urbanum
1966 1845 2329 1911 praetorem
2351 1873 2368 1902 ,
2430 1832 2673 1894 ductu-

694 1932 806 1972 rus
839 1911 907 1971 in
945 1911 1216 1973 Galliam
1248 1923 1421 1985 erat3
1451 1958 1461 1966 ,
1488 1930 1696 1993 eoque
1734 1931 1855 1992 per
1895 1911 2177 1972 Drusum
2220 1911 2483 1996 impleri
2530 1935 2667 1974 ma·

363 1997 625 2078 stum„
694 1989 1015 2074 gistratum
1047 1992 1248 2064 illurn,
1293 1992 1851 2054 senatusconsulto
1887 1991 2300 2088 interposito,
2343 1995 2668 2060 voluerat.

341 2092 672 2147 Taurusurbi
699 2073 949 2135 ldcirco
1005 2073 1322 2136 Statilium
1369 2075 1649 2134 Taurum
1666 2097 1703 2142 ,e
1732 2093 1949 2134 senem
2004 2073 2493 2156 triumphalem,
2566 2077 2667 2136 di-

331 2162 667 2228 praficieur.
697 2175 888 2237 gnum
922 2173 1002 2215 eo
1038 2155 1184 2215 loco
1216 2153 1506 2226 censuit,
1571 2152 1753 2232 cujus
1779 2151 2133 2216 ministerio
2170 2155 2234 2214 in
2275 2157 2666 2239 gravissimis

696 2232 982 2318 negotiis
1018 2257 1172 2296 usus
1209 2233 1455 2296 fuerat:
1503 2254 1624 2296 nec
1674 2235 1899 2313 judicii
1932 2235 2131 2298 salsus
2173 2233 2280 2298 est.

819 2341 895 2399 L.
949 2339 1131 2421 Quae
1161 2359 1286 2400 nox
1315 2338 1521 2422 prima
1554 2340 2029 2422 profectionem
2060 2343 2354 2405 Caesaris
2388 2361 2653 2426 sequuta

701 2419 824 2492 eli,
869 2419 1170 2482 incendio
1213 2419 1436 2481 urbem
1472 2424 1822 2495 exterruit,
1870 2443 1997 2506 quo
2025 2425 2388 2486 Juventatis
2418 2426 2479 2485 in
2522 2429 2648 2490 Ve-

695 2503 784 2563 lia
833 2502 1142 2584 templum
1179 2501 1372 2561 arsita
1432 2516 1500 2563 et
1548 2503 1763 2584 paullo
1813 2516 1995 2578 ante,
2059 2521 2323 2588 praeter
2369 2527 2434 2569 ea
2481 2529 2647 2590 quae

698 2602 892 2666 supra
943 2582 1474 2656 memoravimus,
1535 2583 1725 2665 lupus
1776 2587 1880 2646 via
1920 2585 2113 2648 Sacra
2152 2588 2222 2648 in
2258 2587 2473 2649 forum
2546 2611 2657 2652 ro·

695 2677 1025 2733 currerat,
1071 2661 1435 2724 hominibus
1486 2664 1733 2760 aliquot
1769 2666 2026 2730 occisis.
2067 2687 2189 2729 nec
2234 2671 2461 2766 procul
2535 2692 2655 2744 oro

683 2765 919 2828 magna
966 2745 1066 2806 vis
1101 2743 1556 2816 formicarum,
1598 2765 1665 2805 m
1702 2749 1986 2828 speciem
2030 2749 2300 2832 agminia
2340 2751 2416 2810 ad
2460 2773 2657 2834 proe-

693 2826 850 2887 lium
890 2827 1101 2886 euntis
1127 2865 1143 2895 ,
1207 2845 1277 2886 ae
1333 2825 1852 2909 conglobaverat.
1937 2829 2115 2890 Haec
2152 2831 2455 2916 prodigia
2496 2835 2656 2896 alio·-

693 2927 837 2967 rum
868 2909 1168 2989 pietatem
1191 2948 1206 2979 ,
1262 2906 1532 2976 aliorum
1569 2906 1995 2970 adulationem
2036 2909 2494 2987 adverterunt,
2555 2937 2659 2978 ae-

679 3003 1008 3070 'natusque
1041 2987 1398 3048 consultum
1429 2987 1665 3049 factum
1687 3029 1704 3060 ‚
1754 2990 1851 3044 uti
1879 3009 1991 3063 pro
2021 2991 2224 3048 reditu
2265 2994 2531 3068 Augusti
2564 3019 2657 3055 vo·

693 3075 764 3124 ta
797 3071 1259 3143 sesemet-entur·
1329 3070 1593 3130 Interim
1620 3083 1687 3130 et
1706 3069 2213 3152 quinquennales
2242 3073 2460 3147 ludos,
2505 3097 2655 3158 pro-

693 3157 844 3227 pter
895 3145 1324 3226 principatum
1379 3149 1518 3230 ejus
1562 3163 1784 3222 votos,
1849 3155 1937 3211 Μ.
1970 3151 2258 3236 Agrippa
2292 3156 2502 3229 fecit,
2555 3178 2659 3218 re..

698 3244 858 3286 cens
919 3223 984 3284 in
1033 3226 1378 3309 collegium
1426 3230 1839 3315 quindecim,
1906 3230 2085 3308 cujus
2134 3247 2267 3294 tum
2308 3237 2491 3300 vices
2551 3257 2657 3300 cu·

699 3305 887 3366 randi
924 3305 1110 3367 ludos
1139 3327 1254 3368 eos
1287 3327 1471 3375 erant
1494 3353 1512 3385 ,
1556 3311 1843 3374 virorum
1880 3327 2239 3396 cooptatus.

369 3406 656 3461 Dalmu·
821 3411 925 3474 LI.
967 3411 1224 3474 Circum
1270 3415 1430 3477 haec
1469 3429 1758 3496 tempora
1808 3431 2025 3480 contra
2066 3435 2293 3501 gentes
2338 3424 2650 3506 Inalpinas

335 3493 453 3526 ''¹⁶¹''
488 3477 621 3528 ‘'¹¹⁸‘’
687 3492 868 3554 'hene
901 3508 1242 3575 pugnatum
1267 3493 1355 3558 est
1387 3515 1423 3557 a
1458 3497 1533 3556 Ρ.
1560 3495 1745 3569 8ἰ1ἰο,
1794 3498 2053 3560 Camuni
2108 3521 2185 3562 ue
2216 3517 2283 3566 et
2315 3503 2653 3566 Vennonc-

330 3560 674 3667 :22:'323332'2'
706 3589 800 3635 tes
849 3574 966 3635 sub
1007 3575 1344 3655 imperium
1390 3579 1613 3660 populi
1670 3579 1939 3638 Romani
1977 3601 2049 3642 re
2100 3583 2245 3644 acti.
2330 3582 2505 3646 Idem
2558 3585 2653 3647 Si-

656 3647 826 3716 ‘lius
882 3668 948 3717 et
987 3654 1400 3732 Pannonios,
1462 3659 1815 3741 adsumptis
1870 3663 2129 3726 Noricis
2164 3661 2400 3728 lnriam
2446 3665 2653 3728 incur·
2836 3629 2838 3720 i

704 3751 955 3808 santes,
1019 3755 1141 3818 per
1187 3758 1257 3800 se
1297 3753 1366 3802 et
1400 3740 1651 3824 legatos
1698 3761 1850 3803 suos
1898 3741 1983 3803 ita
2021 3743 2308 3819 domuit,
2378 3761 2450 3808 ut
2483 3749 2650 3831 pacis
2836 3745 2838 3766 ³

373 449 440 503 0.

372 521 440 570 Δ.

767 3937 915 4010 Gap.
955 3939 1142 3995 XLIX.
1197 3943 1443 3998 Sueton.
1488 3895 1583 3996 Ani
1627 3981 1637 3993 .
1674 3939 1759 3998 23'.
1804 3945 1941 4000 Tac.
1994 3947 2146 4003 Anu.
2185 3967 2243 4015 a,
2284 3967 2375 4006 ιο.
2420 3951 2575 4005 Vell.
2610 3969 2653 4016 2,

697 4024 795 4133 233
821 4007 955 4146 1213).
995 4013 1138 4149 'Ic'pacp
1164 4009 1416 4133 .Ᾰέηῶἓὲ
1455 4026 1587 4133 111).io
1626 4011 1792 4068 uach.
1832 4013 2055 4070 Chron.
2088 4018 2227 4074 Dio.
2272 4020 2411 4075 Tae.
2446 4019 2651 4093 Supra,

803 4115 818 4143 ,
929 4117 942 4130 .
1141 4114 1159 4133 .
1244 4115 1260 4134 .
1420 4114 1437 4134 .
1594 4118 1609 4134 .
