2892 4684
668 273 759 338 m
796 269 1107 336 Locum
1150 271 1313 336 us.
1356 247 1522 339 cx1L
1559 219 1802 344 nvn.
2043 317 2056 328 .
2125 287 2206 357 77

189 479 517 560 subituram
554 439 689 539 ciem
724 501 787 540 eo
823 478 997 558 casus.
1060 480 1233 543 idem
1284 477 1596 562 deinceps
1643 479 1930 556 tribuni,
1977 481 2200 544 centu·
2257 481 2328 540 11.
2350 485 2550 552 &7⁰4-

202 561 567 644 tionesque
590 603 611 634 ,
662 575 729 624 et
754 559 1081 645 postremo
1108 563 1349 624 milites
1380 559 1704 624 fecerunt.
2257 553 2332 608 Α·
2357 554 2424 608 C·
2451 553 2548 622 48·

341 667 499 730 xm.
550 667 799 750 igitur,
844 667 1223 752 priusquam
1254 667 1572 728 Antonius
1605 686 1750 728 cum
1783 667 2062 752 reliquis
2089 689 2207 732 cot
2263 686 2530 744 Caesares

222 747 353 830 piis
391 768 463 809 se
509 749 787 810 Caesari
832 748 1293 832 conjungeret,
1350 747 1504 810 huic
1551 749 1780 810 noceri
1827 753 2007 832 poll'e
2051 773 2082 811 s
2131 772 2202 812 e·
2229 757 2512 837 Pompojus

232 848 393 900 rans,
452 829 543 889 ad
580 827 825 892 fiumen
854 833 1097 913 Apsum
1124 826 1466 914 processit,
1513 829 1688 914 quod
1723 827 1888 892 fines
1918 775 2200 914 Dyr-rba·
2223 833 2538 898 propinqua

232 909 563 972 chinorum
612 913 1247 995 Apolloniatiumque
1299 911 1725 974 disterminat.
1775 913 2030 982 „simili
2083 933 2200 998 spe
2223 899 2402 963 ‘'st'‘
2427 899 2521 949 Μ·

224 1004 441 1054 contra
496 1007 731 1054 movet
768 993 1025 1056 Caesar.
1110 991 1283 1066 Sed,
1336 993 1449 1052 ubi
1493 1007 1754 1055 ventum
1797 993 1878 1054 ad
1921 993 2202 1070 flumen,
2227 968 2370 1022 “⁸⁸⁶

207 1072 1686 1238 mita?{32392311310'affitssz‘fftflsss'
1705 1072 2204 1220 222323553103‘

204 1255 363 1298 men
420 1237 793 1312 interess'et,
858 1199 1149 1299 ceteruin
1193 1237 1425 1298 videre
1477 1237 1760 1298 invicem
1808 1251 1872 1300 et
1913 1238 2198 1322 colloqui

204 1319 495 1401 poil'ent.
585 1319 683 1378 Eo
722 1319 873 1380 loco
910 1320 1149 1380 Caesar
1198 1332 1580 1400 exspectare
1615 1318 2046 1381 Brundisinas
2088 1340 2199 1381 co-

206 1400 365 1482 pias
404 1397 639 1459 statuit.
720 1400 887 1474 Sed,
932 1401 1082 1462 illae
1123 1419 1317 1483 quum
1356 1421 1389 1458 a
1422 1397 1610 1461 Fufio
1641 1399 1886 1462 Raleno
1921 1399 2200 1464 adduce-

206 1495 499 1552 rentur,
544 1481 763 1542 literae
791 1483 1088 1543 Caesaris
1124 1479 1203 1542 ad
1230 1480 1540 1557 Helenum
1569 1479 1794 1541 allatae
1827 1494 2008 1554 sunt,
2056 1483 2202 1566 qui-

212 1561 357 1623 bus
400 1579 613 1622 omnes
650 1577 881 1645 portus
930 1565 1252 1646 litoraque
1296 1561 1510 1623 teneri
1553 1561 1850 1624 class'ibus
1896 1561 2200 1626 adversa-

222 1643 475 1704 riorum
526 1643 951 1726 significabat.
1038 1646 1253 1728 Igitur·
1288 1643 1608 1714 Ralenus3
1663 1663 1862 1726 quum
1914 1644 2202 1727 paullum

170 1761 183 1770 ·
232 1723 607 1808 progress'us‘
632 1747 668 1784 a
701 1739 897 1808 portu
929 1725 1183 1797 sufflet,
1224 1725 1648 1788 Brundisium
1681 1725 1972 1808 repetiit.
2062 1729 2230 1788 Una-

230 1809 441 1879 navis,
500 1825 667 1888 quae
710 1807 953 1867 milites
994 1807 1210 1867 nullos
1248 1805 1557 1876 vehebat,
1621 1825 1851 1888 quum,
1919 1807 2200 1892 imperio

225 1901 637 1970 contempto,
676 1887 977 1971 profecta
1004 1889 1193 1960 ess'et,
1240 1886 1319 1947 ad
1348 1887 1618 1950 Oricum
1655 1902 2010 1971 expugnata
2044 1887 2132 1950 est
2167 1911 2204 1950 a

216 1967 505 2040 Bibulot
544 1989 905 2052 omnesque
950 1971 1271 2052 puberes,
1318 1970 1429 2052 qui
1467 1969 1533 2028 l'n
1574 1988 1648 2029 ea
1686 1981 1904 2042 crant,
1955 1970 2203 2054 suppli-

220 2049 331 2112 cio
366 2049 631 2112 adfecti.
709 2053 1017 2130 ‚Caesaris
1052 2051 1347 2135 legiones
1369 2093 1388 2124 ‚
1435 2069 1595 2136 quas
1629 2049 1802 2112 idem
1843 2051 2206 2134 periculum

220 2133 671 2228 exspectabat,
712 2131 929 2194 literis
968 2132 1107 2215 ejus
1144 2129 1524 2218 tempestive
1562 2131 1872 2218 perlatis,
1915 2133 2208 2196 Fortuna

220 2227 579 2276 servavit.-

330 2321 516 2388 XlV.
571 2323 707 2386 Per
740 2319 965 2386 eadem
1002 2334 1296 2408 tempora
1332 2324 1603 2396 Caesar,
1650 2321 1790 2385 sive
1825 2339 2058 2384 revera
2093 2341 2204 2384 cu·
2255 2343 2449 2397 0025„-
2463 2315 2578 2393 eon-¹

210 2401 415 2486 pidus
454 2403 674 2488 pacis,
722 2406 903 2480 sive,
950 2403 1123 2490 quod
1166 2407 1371 2492 magis
1412 2401 1502 2467 est
1538 2403 1856 2467 credibile
1880 2446 1897 2477 ,
1953 2418 2202 2488 tempo·
2225 2413 2580 2466 ditionum·

208 2487 309 2546 ris
354 2483 649 2548 ducendi
690 2488 933 2568 gratia,
978 2487 1187 2548 donec
1228 2488 1557 2552 auctiores
1593 2483 1907 2548 babuiss'et
1942 2487 2200 2571 copias3
2227 2493 2337 2536 ut.

210 2567 413 2627 simul
464 2566 985 2629 adversariorum
1036 2571 1434 2652 pertinaciae
1489 2589 1765 2651 gnarus,
1833 2581 1899 2628 et
1941 2587 2048 2628 ‹ex-
2079 2567 2202 2632 hac

211 2647 445 2709 odium
491 2649 627 2710 illis
669 2651 951 2710 omnium
986 2654 1295 2735 parans—,⁸
1322 2651 1562 2712 nullam
1605 2648 2018 2712 occasionem
2058 2664 2202 2712 ten-

207 2729 559 2790 tandarum
610 2730 1053 2793 conditionum
1103 2733 1568 2818 praetermisit.
1654 2729 1752 2792 Ad
1793 2729 2061 2792 Oricum
2101 2731 2208 2791 le:

252 2812 350 2872 ati
388 2812 690 2873 Caesaris
727 2817 817 2873 M.
846 2815 1137 2888 Acilius,
1186 2815 1261 2876 L.
1292 2813 1536 2876 Statius
1565 2817 1867 2883 Murcus,
1913 2831 2057 2875 cum
2086 2812 2204 2874 Biss
2317 2823 2324 2830 ’

256 2893 377 2954 ulo
416 2907 484 2954 et
520 2893 769 2955 Libone
809 2896 1202 2979 colloquuti‚
1250 2897 1472 2972 (nam,
1530 2893 1634 2954 his
1675 2913 1888 2966 mare,
1948 2893 2081 2954 illis
2119 2893 2202 2956 li-

207 2988 326 3036 tus
363 2974 849 3050 obtinentibus,
896 2977 1033 3058 ejus
1070 2979 1172 3038 rei
1204 2975 1478 3038 facultas
1514 2973 1865 3054 inciderat)
1910 2975 1978 3037 in
2019 2995 2204 3058 spem

211 3075 361 3117 eam
413 3073 761 3128 venerant,
825 3057 1071 3142 aliquid
1122 3058 1201 3120 ad
1250 3056 1664 3120 concordiam
1703 3053 1939 3139 profici
1981 3058 2199 3140 posse,
2279 3056 2288 3065 “

210 3137 371 3222 quia
402 3137 784 3220 Pompejani
817 3139 1015 3201 duces
1047 3159 1289 3223 cupere
1322 3159 1464 3200 cum
1493 3141 1770 3200 Caesare
1806 3139 1986 3220 loqui
2017 3135 2204 3198 dixe-

212 3233 389 3284 rant.
452 3218 707 3281 Idcirco
732 3223 989 3294 Caesar,
1037 3243 1231 3306 quum
1266 3223 1440 3282 forte
1472 3239 1616 3281 cum
1646 3239 1768 3278 una
1791 3219 2051 3300 legione
2067 3222 2204 3280 Bu-

210 3301 515 3396 throtum
598 3302 890 3364 rofectus
932 3303 1155 3366 literas
1194 3303 1555 3385 legatorum
1593 3299 1958 3382 accepiss'et,
1999 3299 2202 3374 statim

214 3396 516 3445 recurrit
616 3385 847 3446 rieum.
1936 3411 1951 3425 ·

338 3489 491 3552 XV.
539 3489 701 3561 Sed,
798 3511 941 3550 uum
979 3509 1193 3574 neque
1214 3487 1488 3550 Bibulus
1517 3485 1594 3548 ad
1625 3483 2020 3570 colloquium
2046 3503 2203 3567 pro-

218 3571 534 3643 ceffiss'et,
581 3585 649 3632 et
684 3571 762 3631 Li
812 3591 851 3633 o
898 3571 1288 3654 legatorum,
1344 3589 1506 3652 quos
1539 3569 1776 3630 Caesar
1813 3567 1893 3628 ad
1920 3569 2202 3649 Pompe-

214 3654 347 3732 ium
382 3653 646 3714 mittere
682 3652 1019 3734 cupiebat,
1122 3651 1396 3714 raestare
1438 3652 1800 3734 periculum
1839 3648 2075 3721 nollet,
2119 3665 2202 3708 ne

219 3733 519 3797 inducias
556 3733 818 3818 quidem
860 3754 1060 3797 conce
1110 3754 1225 3795 ere
1268 3733 1512 3807 voluit,
1556 3733 1720 3793 nihil
1757 3729 1928 3792 aliud
1964 3729 2041 3790 ab
2078 3727 2199 3788 ho·
2236 3757 2244 3768 ·

222 3813 417 3878 stibus
457 3816 684 3899 quaeri
724 3816 1053 3897 sentiens,
1099 3837 1286 3897 quani
1324 3829 1397 3876 ut
1438 3835 1600 3898 aqua
1638 3811 1986 3896 rebusque·
2012 3810 2198 3882 aliis,
2311 3839 2326 3860 κ

224 3897 459 3982 quibus
498 3895 909 3980 indigebant,
955 3897 1365 3959 induciarum
1402 3897 1708 3968 obtentu,
1753 3894 2006 3955 clall‘cm
2049 3887 2208 3952 refi-

284 4087 435 4163 Gap.
454 4088 617 4143 xm.
656 4082 795 4143 Dio.
836 4087 1007 4142 Caes·
1040 4083 1290 4165 lfftolem.
1316 4085 1373 4153 3,
1411 4081 1496 4142 13.
1531 4081 1671 4164 Dio·
1708 4079 1878 4140 cses.
1916 4075 2133 4134 Lucan.
2154 4075 2218 4141 ὅ,

228 4157 345 4230 ⁴7¹·
379 4157 557 4215 Caes.
628 4156 779 4230 Cap.
806 4153 965 4214 XIV.
1014 4153 1154 4209 Dio.
1192 4155 1363 4212 Caco.
1753 4179 1761 4186 ·
1899 4157 1912 4172 ⁶
