2892 4684
542 986 1121 1062 JOHANNIS
1222 991 2002 1068 mamam-:Mn
2201 955 2210 973 “

342 1201 1085 1262 SUPPLEMENTORUM
1119 1207 1612 1266 LIVIANORUM
1643 1210 1872 1268 LIBER
1897 1210 2208 1271 Lxxxm.
2253 1237 2260 1244 ·

549 1395 637 1458 IN
680 1393 984 1459 LOCUM
1029 1397 1263 1458 LIBRI
1306 1397 1594 1465 cxvm.
1641 1403 1722 1462 Τ.
1763 1401 1996 1468 LIVn.

402 1652 452 1710 l.
496 1651 645 1711 Hoc
680 1651 854 1714 idem
888 1665 1145 1735 tempus
1178 1656 1268 1713 M.
1298 1655 1529 1727 Bruti,
1577 1657 1651 1718 C.
1687 1657 1880 1720 cami
1915 1655 2271 1716 cunctatio·
2331 1669 2402 1723 U.
2437 1683 2490 1722 e.
2516 1665 2640 1734 708.

274 1751 431 1792 nem
466 1731 763 1815 abrupit,
812 1755 1085 1818 quorum
1122 1755 1361 1819 anceps
1395 1735 1708 1799 hactenus
1746 1752 1812 1800 et
1849 1738 2028 1798 varie
2071 1738 2273 1820 impe-
2337 1737 2406 1792 Α·
2439 1738 2617 1801 (244-

281 1812 413 1874 dita
467 1813 861 1876 deliberatio
911 1815 1146 1883 suerat.
1230 1821 1498 1878 Romam
1541 1822 1788 1882 reverti
1830 1816 2274 1918 periculosum
2337 1803 2540 1888 B'“!“⁵
2569 1815 2620 1856 θ’

278 1911 465 1974 erat3
528 1917 789 1960 manere
834 1899 899 1958 in
941 1898 1118 1958 ltalia
1162 1913 1572 1982 suspectum:
1631 1916 1734 1974 et,
1795 1923 1850 1962 si
1891 1901 1966 1961 ad
2005 1901 2272 1981 imposi-
2305 1877 2622 1994 fallitur&

278 1991 409 2037 tam
462 1979 867 2060 provinciam
916 1979 1460 2062 adcingerentur,
1517 1982 2064 2044 contumeliosum
2099 1981 2276 2042 vide·
2293 1959 2639 2078 fi2252ssmr·

276 2058 491 2120 hatur.
576 2063 821 2122 Brutus
874 2062 1049 2122 enim
1096 2065 1165 2122 in
1206 2063 1403 2134 Asia,
1471 2065 1714 2126 Cass'ius
1759 2066 1824 2126 in
1869 2064 2096 2126 Sicilia
2139 2062 2280 2124 sru-

224 2171 241 2208 ι
278 2155 567 2202 mentum
597 2143 973 2214 emendum,
1018 2156 1209 2227 atque
1250 2144 1315 2207 in
1359 2146 1586 2206 urbem
1629 2146 2010 2209 mittendum
2045 2163 2280 2208 cui-are

283 2222 629 2286 debebant.
698 2225 1013 2286 Praebuit
1045 2238 1257 2288 tamen
1296 2226 1459 2286 illud
1495 2229 1828 2310 negotium
1863 2244 1930 2290 et
1961 2227 2280 2310 colligen-

282 2305 511 2368 darum
546 2305 829 2368 claffium
859 2306 1249 2380 facultatem,
1297 2321 1363 2370 et
1390 2322 1795 2402 praetextum
1830 2309 2111 2370 ducendi
2141 2329 2281 2370 mo·

282 2409 429 2458 ras,
476 2387 535 2447 si
571 2387 745 2448 forte
784 2407 969 2449 casus
1008 2387 1242 2472 aliquis
1283 2389 1640 2452 exsisteret.
1713 2411 1839 2453 nec
1873 2393 2126 2453 interea
2163 2389 2280 2456 de·-

284 2467 592 2532 sistebant
626 2469 799 2530 tueri
834 2469 1211 2552 (lignitatem
1236 2513 1251 2542 ,
1310 2485 1380 2532 ut
1416 2486 1754 2555 poterant,
1812 2489 1878 2535 et
1919 2474 2146 2535 literas
2183 2489 2280 2532 at-

282 2573 413 2635 que
452 2550 665 2612 edicta
705 2551 771 2610 in
808 2551 1036 2612 urbem
1074 2556 1359 2614 mittere.
1447 2553 1583 2615 Sub
1625 2569 1994 2616 autumnum
2037 2552 2280 2616 deinde
2351 2563 2359 2568 “

280 2655 409 2718 per
440 2632 787 2696 Lucaniam
822 2631 1103 2716 pedestri
1151 2636 1393 2696 itinere
1422 2637 1676 2698 Veliam
1717 2636 1980 2698 adcessit
2011 2640 2278 2707 Brutus,

278 2729 475 2797 atque
514 2713 668 2774 inde
704 2714 1049 2792 transjecit
1072 2715 1377 2778 Athenas.
1443 2719 1800 2802 paucisque
1846 2717 1999 2780 dein
2043 2717 2280 2780 diebus

281 2817 428 2862 cum
467 2818 581 2860 sua
613 2797 801 2860 class'e
835 2797 1125 2859 disceffit
1161 2799 1425 2860 CaffiuS.
1508 2803 1648 2862 Jam
1683 2800 1856 2862 enim
1887 2802 2282 2884 desperave-

279 2895 463 2954 rant,
527 2880 781 2962 qualem
826 2879 1171 2951 volebant,
1230 2881 1520 2943 obtineri
1559 2881 2024 2966 rempublicam
2062 2880 2279 2966 poss'e:

282 2975 389 3034 et,
451 2963 603 3046 quia
642 2963 882 3024 Caesar
915 2961 1309 3024 Octavianus
1348 2963 1472 3043 jam
1517 2984 1588 3026 se
1629 2977 2102 3037 commoverat,
2162 2980 2280 3023 ne-

285 3043 615 3116 sciebant,
662 3057 968 3126 quantum
1007 3041 1161 3106 huic
1197 3057 1378 3108 recte
1418 3045 1828 3108 crederetur.

2361 2117 2394 2136 Q

406 3193 486 3252 11.
546 3191 631 3252 Et
664 3190 879 3274 primo
962 3190 1179 3253 uidem
1219 3206 1516 3275 tempore
1544 3195 1819 3266 Brutus,
1880 3210 2024 3252 cum
2066 3187 2280 3272 philo·
2340 3197 2555 3250 Brutus

287 3271 515 3356 sophis
558 3213 1049 3345 conversando,
1108 3273 1456 3336 videbatur
1507 3273 1805 3352 abjecisse
1851 3293 2073 3335 rerum
2128 3271 2280 3330 alia·
2308 3265 2662 3348 dfsu'mulflf'-

282 3375 429 3418 rum
466 3374 707 3417 curam.
770 3355 886 3416 sed
921 3369 1129 3416 tamen
1178 3370 1243 3417 et
1282 3353 1539 3416 nobiles
1571 3356 1875 3434 juvenes,
1939 3351 2051 3436 qui
2081 3351 2283 3413 Athe·
2309 3347 2394 3416 ¹³!
2418 3346 2638 3403 mmm

194 3445 201 3450 '
283 3457 401 3496 nas
441 3432 797 3500 studiorum
828 3438 1030 3498 caussa
1068 3437 1355 3519 profecti
1396 3437 1678 3508 fuerant,
1733 3436 1859 3498 sibi
1892 3436 2285 3496 dissimulan-
2309 3419 2479 3458 'mn‘

286 3531 393 3578 ter
432 3515 754 3594 adjunxit,
818 3519 886 3580 in
940 3518 1173 3604 quibus
1218 3534 1287 3582 et
1316 3522 1405 3580 M.
1442 3519 1829 3581 Ciceronem
1869 3523 1957 3578 M.
1999 3518 2067 3581 F.
2113 3531 2178 3577 et
2214 3516 2286 3578 in

176 3655 183 3664 ,
286 3597 674 3662 Macedonia
706 3619 826 3684 ser
859 3599 1305 3664 Herossratum
1349 3599 1689 3684 quemdam
1729 3597 2003 3662 tentavit
2038 3599 2286 3660 animos

291 3700 557 3752 eorum,
605 3684 717 3766 qui
755 3681 966 3766 copiis
998 3698 1365 3766 praeerant.
1442 3682 1719 3744 ‘Interim
1755 3681 2190 3744 Athenienses
2222 3679 2288 3741 ei

290 3775 357 3830 et
398 3764 607 3826 Caffio
652 3763 881 3828 statuas
927 3785 1159 3831 aeneas
1197 3764 1367 3846 juxta
1399 3763 1828 3830 Harmodium
1868 3776 1933 3828 et
1967 3759 2288 3846 Aristogi-

362 3953 511 4022 Gap.
548 3953 595 4009 1.
650 3953 805 4007 Plut.
851 3954 1019 4008 Brut.
1071 3953 1213 4024 Dio,
1242 3953 1284 4006 1.
1316 3955 1403 4020 47.
1460 3953 1583 4007 Cic.
1617 3950 1692 4006 ad
1719 3951 1841 4006 Au.
1876 3950 1960 4014 ιδ.
1985 3969 2040 4022 9.
2075 3969 2160 4005 ιο.
2201 3968 2285 4006 u.

288 4019 555 4092 Appian.
594 4021 770 4077 Civil.
802 4021 954 4075 libb.
984 4023 1039 4076 3.
1073 4032 1131 4083 et
1152 4029 1210 4090 4.
1252 4022 1374 4077 Cic.
1411 4019 1490 4074 ad
1517 4021 1637 4088 Ati.
1677 4024 1760 4084 ιδ,
1791 4025 1847 4086 4.
1881 4029 1941 4098 et
1963 4023 2022 4076 5.
2060 4020 2184 4077 Cic.
2209 4017 2288 4072 ad

287 4091 451 4217 {iustu-
484 4091 658 4218 Βῖοῗ.
700 4089 839 4148 Dio.
880 4088 1037 4148 Plut.
1078 4090 1205 4150 Cic.
1232 4091 1383 4148 Bhil.
1422 4107 1504 4161 ιο,
1535 4094 1588 4160 4.
1630 4087 1966 4205 ΡΙιιε.·Ι)ιο.
2039 4087 2289 4212 ΟοΡΑΙ.
