2892 4684
638 252 756 320 242
814 237 1221 306 FREISNH.
1246 239 2086 330 SUPPLEMENTORUM
2099 243 2254 303 Lm.
2271 241 2565 304 Lxxxl.

312 451 451 508 (50⁰-
473 451 599 518 708.
640 453 955 536 rogaturi.
1026 452 1221 514 Multa
1260 451 1369 514 bic
1402 449 1668 514 Cimber
1703 472 1736 512 a
1769 452 2048 513 Caesare
2077 449 2400 516 beneficia
2435 459 2628 514 acce-

242 531 247 538 ’
300 525 376 576 Α·
404 523 470 577 0·
574 557 589 576 ·
640 550 856 618 pet-att
902 553 1177 617 quorum
1216 535 1558 595 immemor
1587 533 1826 618 primas
1860 534 1930 607 iu
1957 553 2048 598 ‚eo
2076 533 2372 596 facinore
2403 549 2629 618 partes

642 615 955 699 suscepit.
1042 617 1162 689 At,
1223 618 1504 677 Caesare
1549 616 1884 696 negotium
1932 616 1999 676 in
2049 616 2224 678 aliud
2273 615 2629 682 differente

642 709 931 780 tempuS,
978 711 1075 770 et,
1123 698 1271 781 quia
1299 697 1738 780 impudentius
1767 697 2143 779 urgebatur,
2185 698 2450 760 volente
2471 719 2630 760 con-

645 799 959 860 surgere,
1019 794 1234 860 togam
1288 777 1427 858 ejus
1479 797 1872 861 purpuream
1915 778 1996 841 ab
2033 793 2312 863 utroque
2352 778 2633 840 humero

646 859 913 925 Cimber
943 858 1458 942 comprehendit.
1517 859 1644 920 hoc
1686 859 1942 942 signum
1980 874 2052 922 ut
2085 860 2245 922 ess'et
2276 860 2496 922 caedis
2529 861 2632 923 fa-

646 943 957 1016 ciundae,
1015 953 1429 1002 convenerat.
1521 941 1730 1024 Igitur
1772 943 2183 1015 clamantem,
2247 943 2360 1022 Ista
2411 945 2636 1024 quidem

646 1030 737 1087 vis
784 1025 892 1102 est,
960 1025 1124 1084 alter
1173 1024 1370 1084 Casca
1424 1023 1737 1085 sauciavit
1793 1025 2010 1105 paullo
2071 1024 2243 1085 infra
2305 1025 2370 1106 ju
2418 1025 2626 1101 ulum;

648 1127 779 1166 non
832 1105 1040 1177 letali,
1102 1125 1227 1166 nec
1283 1102 1627 1165 admodum
1681 1106 1810 1165 alto
1860 1107 2170 1179 vulnere,
2236 1126 2364 1188 quo
2455 1106 2636 1168 inter

648 1185 905 1252 initium
947 1186 1261 1248 facinoris
1297 1205 1522 1247 manus
1560 1187 2021 1268 trepidaverat.
2105 1189 2194 1249 At
2216 1189 2454 1250 Caesar
2481 1208 2635 1249 cor-

644 1283 909 1352 reptum
937 1269 1181 1329 Cascae
1216 1267 1552 1330 brachium
1589 1268 1864 1351 graphio
1903 1267 2197 1347 trajecit,
2245 1272 2632 1337 exclamans,

648 1351 919 1412 Scelerate
957 1351 1163 1422 Casca,
1206 1351 1340 1430 quid
1368 1349 1566 1428 sacis?
1607 1363 1690 1429 ,et
1731 1351 2043 1434 prosilire
2079 1352 2460 1424 conahatur,
2503 1349 2638 1412 uisi
2662 1368 2678 1385 ·

645 1432 829 1510 soret
866 1432 943 1493 ab
982 1431 1109 1493 alio
1141 1433 1474 1514 perculsus
1503 1432 1572 1492 in
1599 1444 1898 1513 pectore.
1939 1433 2130 1494 simul
2163 1433 2501 1495 irruerunt
2526 1451 2639 1493 ce·

646 1514 779 1576 teri
814 1511 1050 1574 strictis
1092 1513 1525 1596 pugionibus,
1589 1513 1852 1575 nemine
1903 1534 2032 1574 non
2078 1513 2244 1576 banc
2289 1507 2640 1598 adpet'ente

648 1596 959 1678 gloriam:
1022 1607 1085 1655 et
1122 1595 1365 1657 Cass'ius
1406 1593 1673 1678 quidem
1712 1607 1906 1678 caput
1939 1595 2078 1674 ejus
2114 1596 2340 1680 petiit,
2395 1599 2640 1658 Brutus

647 1677 959 1762 perculsit
998 1677 1299 1760 inguina,
1344 1675 1615 1768 occiput·
1649 1677 2019 1741 vulneravit
2046 1678 2447 1740 Bucilianus.

773 1784 1001 1848 Lvm.
1048 1781 1283 1860 Aiunt,
1330 1781 1518 1846 ferae
1545 1784 1740 1845 modo
1777 1805 1850 1847 ae
1877 1797 2366 1847 convertentem
2399 1785 2466 1844 in
2501 1783 2644 1844 sin-

650 1865 864 1949 gulos,
910 1879 979 1926 et
1009 1885 1153 1924 cum
1188 1864 1474 1926 clamore
1508 1881 2000 2007 repugnantem,
2041 1865 2154 1936 ubi
2175 1870 2446 1928 Brutum
2521 1884 2644 1926 uo-

652 1965 783 2030 que
824 1943 1169 2029 conspexit
1212 1947 1508 2020 irruere,
1612 1947 1798 2010 ixiss'e
1835 1949 2107 2028 Graecis
2153 1948 2410 2020 verbis,
2534 1966 2642 2006 unc

649 2035 817 2086 etiam
847 2035 994 2087 inter
1030 2027 1126 2087 bos
1156 2048 1244 2100 es,
1281 2028 1420 2106 fili?
1464 2033 1645 2100 Nam,
1741 2030 1870 2092 uod
1905 2029 2389 2114 flagrantiffimo
2419 2045 2644 2088 amore

656 2119 775 2171 auo
813 2113 1085 2175 Brutum
1130 2125 1483 2192 pepererat
1523 2051 1844 2186 Servilia,
1909 2127 2128 2174 natum
2173 2131 2256 2175 ex
2297 2131 2368 2174 se
2407 2107 2642 2171 crode-

650 2190 784 2253 bat.
867 2191 1001 2253 Alii
1037 2205 1315 2274 negant,
1374 2193 1569 2254 ullam
1616 2192 1858 2256 miaisse
1902 2215 2158 2267 vocem,
2221 2211 2436 2276 neque
2479 2211 2644 2274 prae

652 2271 1044 2333 irruentium
1074 2273 1492 2336 multitudine
1519 2273 1739 2369 §acere
1765 2275 2110 2374 quidquam
2137 2275 2454 2360 potuine-3
2498 2271 2640 2345 sed,

650 2367 804 2436 toga
842 2355 1041 2436 capiti
1076 2352 1403 2426 obvoluta,
1452 2357 1646 2418 simul
1681 2357 1930 2419 sinissra
1964 2379 2156 2419 manu
2190 2356 2520 2418 deduxiss'e
2550 2355 2646 2414 ai-

652 2456 806 2496 num
840 2435 1061 2509 vestis,
1107 2450 1179 2497 ut
1216 2435 1538 2500 inferiore
1568 2451 1753 2522 parte
1789 2439 2092 2535 corporis
2121 2452 2289 2500 tecta
2312 2433 2644 2498 honestius

656 2517 955 2590 caderet,
1018 2538 1148 2578 uno
1190 2532 1431 2581 tantum
1474 2519 1553 2580 ad
1593 2517 1873 2602 primum
1915 2535 2112 2581 ictum
2153 2520 2333 2582 edito
2375 2517 2644 2602 gemitu.

292 2602 386 2662 Aa
406 2599 634 2674 Pompeii
656 2599 801 2661 Hoc
836 2599 1054 2662 habitu
1093 2600 1333 2663 cecidit
1369 2600 1451 2662 ad
1479 2601 1780 2684 Pompeii
1811 2599 2100 2676 statuam,
2162 2621 2430 2684 eamque
2460 2599 2648 2682 largo

274 2679 535 2744 flamm·
660 2701 895 2743 cruore
929 2683 1291 2766 respersit3
1338 2703 1534 2766 quum
1565 2683 1757 2746 etiam
1798 2684 1862 2744 in
1903 2682 2218 2764 jacentem
2258 2681 2644 2750 saeviretur,

658 2783 1040 2862 manumque
1086 2766 1275 2826 Bruti
1331 2765 1654 2826 sauciaret
1701 2765 1981 2838 Cassius,
2059 2765 2292 2829 eodem
2346 2775 2648 2845 tempore

654 2846 905 2929 plagam
938 2845 1252 2908 inferens.
1338 2847 1440 2906 De
1482 2845 1694 2907 tribus
1719 2860 1801 2909 ·et
1834 2848 1899 2909 vi
1949 2842 2069 2920 inti
2099 2845 2503 2918 vulneribus,
2549 2855 2654 2904 tot

658 2929 831 2988 enim
886 2927 1051 2989 facta
1102 2941 1324 3000 erant,
1387 2924 1636 2990 nullum
1676 2928 1864 2992 fuiss'e
1904 2868 2101 2992 letale
2139 2927 2473 2998 medicus,
2535 2921 2651 3007 qui

660 3027 735 3070 ea
780 3005 1101 3092 inspexit,
1166 3007 1595 3086 existimabat,
1652 3026 1918 3095 praeter
1956 3011 2132 3096 quod
2173 3009 2460 3072 secundo
2497 3004 2651 3068 loco

661 3107 1001 3176 acceperat
1039 3093 1107 3152 in
1145 3106 1440 3175 pectore.
2223 3101 2232 3110 “
2357 3094 2362 3101 ’

346 3201 533 3258 Terror
565 3210 617 3256 et
792 3197 958 3260 th.
1010 3193 1343 3278 Coniurati
1381 3220 1624 3283 corpus
1663 3199 1731 3260 i'n
1761 3195 2056 3260 Tiberim
2088 3191 2384 3270 trahere,
2432 3190 2654 3280 publi·-

289 3274 638 3326 “ffl'ffl‘uae
664 3297 815 3343 care
852 3281 1053 3353 bona,
1101 3283 1482 3344 rescindere
1519 3295 1656 3344 acta
1679 3323 1696 3354 ,
1743 3281 1918 3378 quod
1953 3280 2169 3342 suerat
2203 3281 2368 3362 ipsis
2406 3296 2654 3362 propo-

290 3357 353 3396 ⁶⁶
379 3341 549 3400 “a“
668 3361 901 3434 situm,
968 3379 1144 3427 metu
1194 3364 1482 3428 consulis
1519 3362 1829 3436 Antonii,
1896 3373 1962 3425 et
2018 3357 2302 3444 magistri
2360 3357 2655 3442 equitum

358 3479 389 3492 ο
664 3443 943 3528 Lepidi,
1008 3447 1540 3529 supersederunt.
1643 3444 1814 3518 Sed,
1883 3445 1995 3527 qui
2036 3441 2102 3504 in
2145 3443 2326 3506 curia
2371 3455 2437 3504 et
2477 3441 2656 3502 circa

415 3524 425 3534 '
669 3545 809 3587 eam
849 3537 1147 3590 exsortes
1186 3526 1449 3590 consilii
1487 3528 1779 3608 fuerant,
1829 3543 2021 3588 saevo
2064 3525 2436 3608 spectaculo
2471 3521 2656 3592 adto-

742 3702 889 3790 Cap.
920 3717 1103 3774 LVII.
1157 3717 1311 3772 Plut.
1362 3720 1533 3775 Caes·
1569 3725 1629 3774 et
1657 3719 1866 3774 Bruto.
1924 3715 2169 3771 Sueton.
2209 3713 2380 3768 Caes.
2405 3711 2496 3767 82.
2536 3711 2660 3793 Ap.-

670 3783 836 3863 pian.
890 3789 1040 3844 Plut.
1096 3787 1222 3843 Cic.
1256 3787 1400 3843 Phil.
1438 3807 1501 3856 2,
1540 3806 1620 3841 ιι.
1664 3789 1904 3842 Sueton.
1943 3785 2098 3839 Plut.
2133 3794 2193 3837 et
2219 3781 2475 3852 Appian.
2511 3779 2656 3836 Dio.

674 3862 926 3915 Sueton.
958 3858 1109 3912 Plut.
1150 3859 1396 3914 Sueton.
1432 3858 1573 3912 Dio.
1604 3858 1758 3912 Plut.
1789 3853 2044 3929 Appian.
2097 3853 2242 3923 Cap.
2261 3850 2471 3906 LV111.
2499 3847 2659 3930 l'Jut.

672 3927 766 3999 Ap
818 3926 935 3982 ian.
974 3927 1219 3982 Suetou.
1258 3926 1395 3980 Dio.
1440 3926 1590 3980 Plut.
1630 3923 1884 3998 Appian.
1923 3923 2060 3977 Dio.
2109 3921 2359 4001 sueton:
2393 3919 2486 3989 Ap
2537 3933 2660 3974 nana

674 3945 813 4050 vap
848 4003 999 4056 Max.
1032 3999 1101 4064 4,
1134 4001 1187 4054 5.
1226 3995 1476 4052 Sueton.
1513 3993 1768 4067 Appiau.
1799 3995 1959 4049 Plut.
1998 3992 2163 4046 Caes.
2205 3988 2462 4068 Appnaan.
2546 3984 2662 4067 lut·

674 4067 883 4192 Bruto.
924 4067 1083 4190 Fllpr.
1105 4070 1161 4137 4,
1186 4083 1238 4124 a.
1308 4065 1619 4140 eap.L1x.
1654 4063 1913 4142 Appiam
1947 4059 2100 4118 Plut.
2138 4058 2310 4117 Caes·
2345 4053 2661 4127 LinEpit·

726 4145 923 4193 ueton.
1016 4153 1099 4191 no.
