2892 4684
647 275 745 353 m
777 269 1080 338 metm
1118 263 1285 334 mn.
1331 269 1530 341 cxx,
1574 267 1807 336 mvn.
2112 266 2229 346 371

253 497 545 549 tuerunt·
593 484 919 570 .Quorum
973 487 1232 544 Marcus
1287 477 1581 564 quidam,
1657 479 1793 540 suis
1846 477 1915 536 in
1968 471 2237 537 aedibus
2300 483 2583 558 U;e.709,

255 566 390 627 fide
431 585 766 628 servorum
803 567 1198 632 occultatus,
1262 560 1456 633 inde,
1498 582 1658 658 pace
1693 557 2014 631 restituta,
2060 558 2239 619 velut
2298 557 2369 612 A·
2394 554 2572 624 0043·

257 650 338 710 ab
387 647 584 707 exilio
617 649 684 708 iu
717 649 1050 730 publicum
1089 641 1359 730 prodiit.
1393 667 1400 674 ·
1446 643 1675 704 Sittius
1722 642 1913 702 etiam
1965 639 2240 700 munici-

257 739 412 814 pum
468 747 728 788 suorum
785 726 1238 790 benevolentia
1289 723 1477 786 Cales
1528 743 1651 806 pro
1706 723 1937 784 exsilio
1984 721 2245 782 habuit=

310 813 548 878 rimus,
610 823 676 870 et
713 809 886 874 forte
929 811 1104 870 solus
1148 807 1228 868 ad
1267 825 1341 867 ea
1383 818 1509 866 tem
1561 825 1711 878 ora,
1772 803 2103 864 hominum
2138 819 2247 861 re-

257 833 508 974 fegatus
541 893 610 950 in
641 892 934 971 patriam.
1017 895 1176 952 Nam
1206 889 1302 948 illi
1331 907 1491 971 prae
1536 885 1761 948 ivitem
1793 885 1999 946 virum
2032 900 2097 947 et
2122 902 2248 968 pro

261 974 448 1056 copia
487 991 598 1032 sua
635 969 1006 1032 munificum
1039 968 1525 1032 custodiverunt
1560 967 1815 1036 armati,
1878 967 2090 1028 servis
2126 966 2249 1026 mi-

259 1039 511 1122 nando,
583 1051 997 1134 prohibendo
1051 1051 1338 1134 ingl-effu
1389 1067 1476 1132 op
1525 1049 1618 1110 idi
1668 1048 1945 1119 milites,
2004 1047 2244 1119 donec}

259 1134 496 1218 legatis
547 1135 627 1195 ad
670 1135 992 1196 tresviros
1037 1134 1275 1205 millis,
1338 1149 1469 1216 quo
1560 1129 1881 1205 diximus,
1942 1133 2247 1214 impetra·

263 1231 437 1278 rent·
2056 1247 2059 1253 ·

387 1321 634 1402 XCIX„
682 1319 902 1381 Alium
952 1333 1163 1384 metus
1209 1319 1430 1403 coegit
1473 1318 1553 1382 ad
1594 1317 1858 1382 felicem
1900 1291 2248 1381 audaciam.
2311 1317 2601 1386 Aliffetn‘ae

267 1405 512 1489 quippe
560 1425 596 1464 a
641 1401 883 1464 liberto
929 1403 995 1463 in
1040 1403 1408 1484 sepulcrum
1458 1399 1816 1477 abstrusus,
1875 1403 2024 1485 quia
2070 1400 2251 1463 ferre
2277 1395 2509 1444 ‘mum'
2531 1407 2597 1442 ‘³‘

265 1489 399 1547 loci
439 1485 724 1568 speciem
757 1485 1104 1567 nequibat,
1148 1483 1213 1543 in
1253 1481 1632 1544 conductam
1670 1483 2005 1566 quamdam
2040 1481 2253 1544 sordi·
2282 1473 2441 1513 ’mm‘

271 1567 414 1627 dam
451 1565 915 1628 habitationem
949 1565 1361 1646 immigravit.
1405 1563 1667 1637 deinde,
1714 1567 1864 1648 quia
1898 1563 2085 1626 miles
2117 1566 2263 1649 qui-

275 1649 416 1710 dam
453 1648 622 1726 juxta
655 1645 1066 1722 divertebat,
1159 1645 1478 1707 ericulum
1515 1646 1748 1707 timens
1770 1689 1787 1719 ,
1837 1647 2051 1730 capite
2087 1667 2259 1721 raso,

275 1730 451 1814 quod
487 1727 816 1790 libertinis
863 1741 1004 1791 erat
1041 1749 1115 1790 so
1147 1729 1337 1798 itum,
1399 1725 1625 1787 ludum
1668 1729 1925 1809 aperuit
1960 1727 2219 1810 publice
2242 1771 2259 1800 ,

270 1813 565 1893 nullique
617 1821 958 1893 suspectus
1008 1825 1218 1874 totum
1265 1808 1430 1870 illud
1479 1807 1965 1872 minaciffimum
2006 1824 2263 1894 tempus

274 1894 438 1955 citra
481 1893 839 1976 periculum
879 1893 1120 1976 exegit.

397 1997 466 2060 C.
523 1997 657 2057 Has
706 1999 880 2058 inter
931 1995 1322 2059 calamitates
1375 1995 1543 2062 nihil
1602 2011 1741 2060 erat
1788 1994 2262 2069 calamitosius,
2323 1993 2515 2048 flues

278 2098 470 2160 quam
508 2077 682 2160 quod
718 2097 802 2138 ne
837 2075 999 2156 flere
1029 2079 1292 2162 quidem
1319 2080 1576 2142 occisos
1609 2093 1747 2142 erat
1776 2079 2057 2140 licitum:
2107 2080 2263 2162 quin
2289 2077 2339 2117 ‘1
2368 2060 2595 2129 L'Pm·
2634 2091 2643 2104 ·

279 2159 454 2218 ultro
489 2158 640 2219 laeti
677 2159 804 2221 effe
842 2179 1066 2220 omnes
1097 2161 1483 2238 jubebantur
1518 2161 1757 2232 edicto,
1802 2175 2078 2244 propter
2110 2180 2265 2222 con-

281 2239 494 2299 sulum
549 2239 1032 2324 designatorum
1081 2239 1485 2325 triumphos,
1549 2257 1615 2306 et
1654 2243 2068 2304 imminentes
2109 2241 2269 2304 novi

203 2317 213 2328 '
279 2321 430 2380 anni
470 2321 692 2382 ferias.
780 2325 938 2384 Nam
975 2337 1123 2388 ante
1159 2321 1331 2383 diem
1368 2339 1663 2408 quartum
1693 2323 2008 2388 Kalendas
2034 2325 2269 2387 Janua-

279 2403 412 2462 rias
453 2403 527 2463 L.
558 2403 838 2466 Plancus
881 2403 1301 2488 triumphavit
1346 2426 1426 2466 ex
1467 2407 1709 2478 Gallia,
1772 2405 2041 2469 Rhaetis
2084 2405 2267 2467 devi-

159 2561 168 2570 .
277 2484 442 2545 ctis:
503 2499 568 2547 et
615 2505 764 2546 mox
815 2498 961 2546 ante
1012 2487 1182 2548 diem
1275 2485 1446 2548 ridie
1486 2487 1799 2551 Kalendas
1844 2507 1923 2549 ex
1957 2487 2269 2572 Hispania

275 2568 368 2625 M.
403 2565 712 2650 Lepidus.
795 2566 1074 2629 Plancus
1125 2587 1198 2630 ae
1250 2589 1352 2630 em
1403 2569 1665 2632 Saturni
1712 2569 1874 2632 fecit
1924 2589 2000 2629 ex
2044 2591 2269 2630 manu-

277 2645 433 2706 biis.
519 2651 604 2708 Et
646 2647 934 2730 quamvis
980 2648 1292 2732 imperata
1336 2649 1581 2714 laetitia
1616 2651 1737 2714 hos
1776 2653 1839 2712 in
1882 2650 2272 2734 Capitolium

281 2728 462 2788 cives
501 2728 872 2808 militesque
906 2745 1503 2812 prosequerentur,
1564 2753 1687 2794 nec
1726 2747 1939 2794 tamen
1978 2747 2085 2792 aut
2122 2731 2271 2792 illo·

277 2829 424 2869 rum
461 2809 650 2871 tacita
689 2809 1090 2882 exsecratio,
1140 2825 1246 2870 aut
1275 2811 1507 2873 horum
1547 2813 1933 2896 apertiss'ima
1976 2813 2270 2874 convicia

277 2887 654 2952 defuerunt.
742 2889 940 2950 Certe
977 2904 1270 2951 servatus
1307 2893 1385 2953 ad
1415 2895 1790 2956 memoriam
1818 2893 2089 2955 nostram
2118 2913 2269 2970 ver-

280 2991 393 3032 sus
431 2970 515 3033 est
537 3015 555 3044 ,
616 2973 792 3032 inter
828 2970 1194 3054 triumphos
1229 2971 1378 3035 istos
1411 2990 1795 3060 usurpatus:
1852 2978 1917 3034 de
1952 2973 2265 3046 Germanis,

277 3075 389 3114 non
424 3055 493 3114 de
529 3053 751 3126 Gallis,
812 3054 920 3114 dm
968 3053 1312 3131 triumphant
1356 3055 1628 3136 consules:
1670 3055 1904 3139 ·quod',
1962 3069 2031 3115 ut
2073 3075 2269 3138 supra
2342 3061 2361 3070 '

277 3135 776 3196 memoravimus
799 3175 817 3208 ,
860 3130 975 3194 ille
1005 3132 1288 3198 Plotium
1325 3135 1632 3210 fratrem,
1676 3137 1787 3198 hic
1822 3137 2150 3210 Paullum,
2197 3135 2268 3195 iu

279 3216 800 3304 proscriptorum
837 3234 1174 3276 numerum
1208 3217 1589 3279 retuliss'ent.

2292 2133 2627 2205 triumphus.
2686 2193 2695 2202 .

403 3325 504 3385 cl.
561 3321 706 3384 Hoc
744 3311 1040 3403 tempore
1078 3325 1481 3384 consulatum
1518 3323 1976 3392 P.'Ventidius
2015 3323 2260 3398 Bass'us,
2327 3333 2613 3392 Ventidius
2710 3389 2717 3398 ‚

281 3425 364 3468 ex
399 3417 589 3487 pacto
629 3405 1111 3466 triumvirorum
1135 3445 1152 3474 ,
1209 3423 1354 3464 cum
1392 3407 1465 3466 C.
1499 3407 1831 3467 Carrinate
1866 3429 1987 3500 per
2018 3406 2266 3489 aliquot
2288 3409 2476 3462 Consul
2492 3405 2592 3474 Ἠ.

282 3487 426 3550 dies
459 3486 682 3567 gestit,
730 3483 1066 3546 abdicante
1097 3487 1412 3558 Caesare,
1460 3501 1525 3548 et
1556 3489 1803 3570 collega
1837 3509 1975 3566 ejus
2004 3501 2265 3548 mortuo

280 3571 366 3663 Q.
402 3566 636 3629 Pedio.
719 3571 946 3649 Neque
983 3587 1228 3628 moram
1265 3566 1636 3642 adferebat,
1681 3567 1855 3652 quod
1893 3583 2027 3630 tum
2066 3569 2263 3628 maxi·

279 3671 385 3713 me
423 3663 687 3733 praetor
729 3662 868 3709 erat
898 3649 1270 3712 Ventidius.
1337 3649 1526 3711 nihili
1570 3649 1743 3711 enim
1780 3648 2019 3714 {iebant
2058 3651 2260 3723 leues,

280 3751 549 3820 quarum
589 3730 877 3792 Genucia
913 3745 1169 3793 cautum
1203 3747 1381 3809 erat,
1421 3751 1507 3794 ne
1546 3733 1691 3818 quis
1730 3732 1893 3796 duos
1936 3732 2134 3818 magii
2160 3751 2260 3792 ra-

279 3829 386 3879 tus
423 3834 553 3876 uuo
588 3831 756 3876 anno
793 3827 1080 3894 gereret.

351 4004 433 4060 Ga
482 4041 496 4056 .
527 4003 597 4057 G.
649 3999 786 4054 Dio.
822 4010 882 4054 et
908 3997 957 4052 A
1047 3997 1165 4052 iau.
1208 3999 1361 4056 Fasti
1391 3993 1587 4072 Capit.
1639 4001 1825 4054 Vetus
1858 3993 2165 4068 inscriptio
2196 3962 2265 4048 a·-

281 4072 404 4147 pud
485 4071 602 4140 iglt.
658 4069 912 4141 Appian-
1025 4067 1124 4124 eu.
1157 4087 1222 4134 ς,
1255 4075 1347 4138 ⁶7·
1435 4071 1579 4140 Cap.
1616 4068 1712 4124 cl.
1770 4065 1998 4126 'rabula
2036 4063 2254 4123 nollet.

283 4139 444 4216 apud
475 4139 642 4212 Pigh.
687 4142 824 4198 Dio.
875 4135 1032 4200 vau.
1059 4153 1115 4204 ο,
1140 4141 1229 4196 65.
1283 4139 1415 4206 Vel.
1443 4143 1599 4196 Max.
1628 4141 1684 4206 ⁶,
1716 4155 1773 4207 9.
2198 4167 2201 4172 -

1550 4215 1771 4285 Aac
