2892 4684
678 254 771 319 m
812 252 1113 323 metm
1162 256 1327 321 Lm.
1378 258 1636 327 cxxu.
1679 262 1914 333 mvn.
2169 224 2308 343 '405

232 508 241 516 .
297 460 475 525 ‚bona
508 458 971 544 profiteretur,
1016 468 1252 533 iisdem
1286 472 1553 557 poenis,
1599 470 1656 531 ai
1695 470 1840 566 quis
1875 485 2100 537 contra
2127 473 2301 538 sace·
2363 478 2436 537 U.
2459 494 2654 549 can.

301 556 465 613 ret..
506 545 947 642 praemiisque
999 550 1069 611 in
1118 552 1373 616 indices
1420 553 1910 637 pronunc1a1i53
1978 570 2170 639 atque
2219 579 2302 620 ex
2362 548 2639 621 A·C·4²·

300 624 725 687 facultatibus
776 649 911 690 auu
964 631 1564 721 quinquagesimam
1617 634 1994 697 tribusviris
2047 652 2298 721 partem

306 706 571 771 foenori
612 710 1093 788 commodaret,
1140 738 1215 779 ae
1254 733 1589 801 praeterea
1631 716 1820 779 unius
1863 718 2011 787 anni
2049 720 2301 785 reditus

305 787 391 849 ad
428 788 663 851 bellum
708 791 1067 857 conferret.
1162 801 1293 861 Dio
1338 800 1622 861 decimas
1666 798 1744 858 ab
1781 800 2080 861 omnibus
2120 803 2303 863 locu-

202 908 213 914 ·
296 870 627 955 pletibua,
674 887 741 935 et
771 872 1031 955 quidem
1064 882 1462 965 proscriptis
1495 900 1718 949 eorum
1757 880 1822 939 in
1854 880 2063 942 tabula
2093 884 2304 945 nomi-

306 950 537 1023 nibus,
608 967 861 1017 exactas
902 959 1030 1020 effe
1070 963 1335 1033 scribit,
1396 978 1589 1045 atque
1627 962 1714 1022 ita
1752 976 1822 1022 ut
1855 960 2142 1024 decimae
2180 966 2302 1028 im·

303 1048 701 1116 pei-arentur
728 1036 959 1111 verbe,
1004 1062 1079 1104 re
1112 1059 1323 1106 autem
1360 1046 1500 1127 ipsa
1533 1044 1636 1102 vix
1675 1042 1964 1105 decimae
1996 1048 2298 1128 poss'ess'o-

292 1114 486 1175 :ribus
528 1117 1082 1201 relinquerentur.
1154 1126 1367 1207 Quum
1400 1126 1570 1187 enim
1601 1126 1732 1220 ipsi
1764 1123 2094 1188 aestimare
2129 1128 2302 1191 bona

294 1214 415 1257 sua
446 1196 869 1273 juberentur,
908 1205 1109 1265 variis
1138 1206 1353 1289 postea
1380 1206 1756 1277 calumniis,
1805 1210 1987 1288 quasi
2017 1230 2146 1269 non
2177 1211 2298 1272 bo..

292 1297 380 1337 na
418 1276 551 1341 fide
587 1279 893 1362 profesti,
956 1306 1037 1347 eo
1080 1308 1285 1373 nsque
1328 1290 1762 1358 vexabantur,
1825 1287 2034 1351 donec
2083 1294 2298 1353 omnia

291 1360 695 1425 amitterent.
794 1362 1127 1429 Postremo
1180 1390 1407 1432 servos
1455 1370 1532 1431 ad
1575 1390 1824 1430 remum
1870 1373 1976 1434 vel
2015 1372 2168 1434 dare
2211 1372 2296 1435 de

292 1441 459 1513 auia,
506 1444 633 1513 vel,
681 1444 739 1505 si
776 1466 905 1507 non
942 1448 961 1507 i
1056 1470 1215 1511 neos
1249 1451 1587 1522 haberent,
1633 1468 1856 1510 emere
1885 1455 2094 1513 coacti
2121 1469 2290 1516 sunt.

294 1524 725 1587 senatoribus
768 1449 1317 1675 quounnratio
1355 1534 1604 1594 viarum
1644 1552 1720 1592 ea
1763 1533 1908 1613 lege
1950 1534 2290 1616 imposita,

292 1618 373 1666 ut
408 1604 533 1667 hoc
572 1608 767 1669 etiam
819 1629 981 1672 onus
1116 1614 1172 1675 is
1226 1611 2054 1697 sumptibuslaustinerentz
2124 1615 2308 1677 adeo·

287 1701 367 1749 nt
399 1687 627 1750 urbani
664 1709 891 1755 omnes
928 1694 1104 1755 ex'uti
1142 1696 1594 1769 facultatibus,
1641 1695 1768 1756 soli
1805 1696 2122 1759 militares
2155 1698 2288 1761 viri

294 1769 683 1833 immensum
726 1774 793 1832 in
830 1774 1091 1838 modum
1126 1778 1363 1862 opibus
1398 1779 1567 1839 aucti
1605 1776 1876 1839 fuerint.

414 1892 703 1959 xLVm.
750 1898 977 1979 Neque
1014 1899 1187 1960 enim
1222 1899 1355 1962 illis
1392 1914 1500 1961 aut
1537 1897 1884 1984 stipendia,
1934 1910 2042 1959 aut
2077 1896 2284 1981 impe·
2321 1878 2600 2005 ,Mff‘ml‘

280 1988 577 2043 ratorum
624 1978 913 2061 praemia
958 1978 1402 2056 sufficiebant,
1469 1996 1573 2044 aut
1615 2002 1738 2065 pro
1779 1978 2088 2042 caedibus
2129 1999 2282 2063 pro·
2311 1967 2594 2079 aasz?
2611 1965 2667 2010 '⁸

282 2057 682 2139 scriptorum
726 2076 1094 2123 numeratae
1140 2064 1495 2145 pecuniae,
1559 2077 1665 2124 aut
1701 2064 1986 2144 denique
2025 2063 2282 2121 occiso-

280 2158 432 2199 rum
469 2139 677 2212 bona,
740 2140 903 2223 ipsis
944 2142 1244 2207 viliffimo
1284 2146 1504 2242 pretio
1549 2144 1627 2205 ad
1664 2144 2135 2207 triumviralem
2171 2141 2286 2203 ha-

280 2217 437 2281 stam
476 2218 749 2285 addicta.
815 2221 1031 2311 Quum
1074 2225 1247 2287 enim
1283 2227 1753 2309 intelligerent,
1801 2225 1930 2287 sibi
1962 2223 2284 2287 obnoxios

280 2303 415 2366 effe
452 2303 652 2364 duces
692 2324 881 2377 auos,
926 2307 1037 2391 qui
1078 2321 1323 2390 raptam
1359 2312 1554 2371 armis
1593 2306 2102 2369 dominationem
2139 2305 2282 2367 nul.

276 2383 351 2444 lo
392 2384 585 2445 modo
622 2400 963 2469 poterant,
1014 2390 1141 2449 nisi
1175 2410 1500 2451 armorum
1541 2410 1704 2474 ope,
1762 2388 2086 2459 retinere,
2135 2388 2281 2447 nul-

275 2464 417 2529 lum
442 2481 555 2527 aut
580 2466 991 2541 insolentiae,
1037 2482 1145 2533 aut
1173 2472 1477 2535 aviditati
1545 2472 1827 2534 onebant
1851 2470 2135 2539 modum,
2179 2468 2283 2529 in-

278 2545 717 2632 dignioraque
748 2550 959 2621 ultro,
1008 2572 1197 2635 quam
1236 2573 1401 2635 qnae
1432 2553 1501 2629 iu
1549 2554 1856 2622 eluuntur,
1901 2552 1968 2611 in
1999 2552 2286 2613 miseros

276 2628 463 2692 cives
506 2632 797 2713 exempla
833 2631 1133 2695 edebant.
1220 2632 1710 2699 Interficiebant
1749 2634 1922 2695 enim
1959 2652 2086 2695 non
2124 2648 2284 2715 pro-

278 2710 608 2793 scriptos,
670 2726 737 2775 et
788 2710 1187 2809 diripiebant
1242 2736 1468 2777 eorum
1518 2716 1756 2789 aedes,
1813 2715 2058 2797 ,quibus
2109 2712 2281 2777 nihil

274 2790 604 2854 molestiae
646 2792 942 2854 exbiberi
978 2797 1323 2859 voluerant
1364 2798 1656 2861 tresviri.
1741 2796 1844 2857 Ab
1891 2796 2058 2878 ipsiu
2115 2814 2279 2878 quo·

274 2892 407 2955 que
461 2874 985 2957 proscriptorum
1040 2878 1349 2960 petebant
1394 2878 1660 2953 domoc,
1721 2891 1830 2939 aut
1869 2896 2098 2957 agros,
2164 2888 2275 2938 aut

269 2954 501 3019 villas.
552 2969 662 3017 aut
703 2976 969 3017 censum
1014 2961 1427 3037 universum3
1481 2972 1587 3021 aut
1632 2958 1926 3041 adoptari
1964 2957 2276 3019 volebant

270 3056 309 3099 ο
338 3036 607 3097 senibus
636 3036 845 3109 orbis,
876 3040 1111 3121 quibus
1141 3041 1387 3132 amplae
1424 3041 1843 3124 poss'ess'ionea
1873 3039 2094 3101 essent.
2140 3041 2274 3097 Po-

268 3114 509 3179 stremo
558 3138 639 3181 eo
688 3122 1021 3199 protervia
1062 3136 1129 3183 et
1167 3122 1564 3203 impudentia
1605 3120 1904 3185 militaris
1943 3119 2273 3202 process'it,

272 3210 345 3259 ut
375 3214 681 3295 repertus
710 3200 944 3273 fuerit,
992 3205 1103 3285 qui
1141 3204 1411 3267 auderet
1446 3204 1524 3265 ab
1562 3200 1709 3287 ipso
1747 3204 2022 3264 Caesare
2058 3201 2276 3263 Attiae

273 3293 537 3350 matms,
600 3301 761 3364 quae
792 3282 931 3347 ,tum
973 3302 1225 3350 mortua
1264 3300 1329 3347 et
1365 3284 1634 3377 publico
1672 3285 1907 3349 funere
1939 3284 2104 3349 elata
2132 3282 2278 3343 fue-

276 3374 418 3434 rat,
464 3360 637 3423 bona
672 3382 976 3448 poscere.
1751 3376 1758 3383 '

394 3484 625 3547 XLIX.
687 3484 873 3574 Quae
920 3487 1182 3550 licentia
1228 3510 1425 3573 quum
1464 3487 1588 3567 iam
1625 3486 1709 3548 iis
1751 3505 2014 3571 quoque
2053 3484 2274 3565 gravis
2327 3480 2659 3539 Tribusvtn's

272 3564 467 3638 ciret,
514 3568 629 3650 qui
670 3588 808 3629 eam
847 3569 1289 3635 excitaverant
1319 3584 1388 3631 et
1419 3570 1746 3639 aluerant,
1792 3566 2128 3661 negotium
2159 3566 2274 3625 de·
2301 3554 2655 3675 2:⁰4⁸“lst-

266 3644 509 3711 derunt
560 3650 831 3713 tresviri
882 3650 994 3712 uni
1049 3672 1086 3713 e
1140 3653 1560 3723 consulibua,
1618 3664 1688 3712 ut
1726 3650 1792 3713 in
1839 3668 1954 3711 eos
1992 3648 2276 3711 ammad-
2371 3657 2389 3675 ⁰

265 3742 599 3800 verteret,
648 3730 761 3813 qui
799 3734 1139 3795 caedes-et
1178 3734 1440 3817 rapinas
1473 3734 1678 3804 ultra,
1727 3751 1913 3815 quam
1957 3729 2121 3814 ipsis
2156 3728 2274 3825 irn-

318 3823 567 3871 eratum
604 3810 852 3888 fuerat,
902 3816 1353 3879 exercuill'ent.
1444 3820 1528 3877 At
1565 3814 1702 3886 ille,
1751 3833 1880 3877 non
1923 3831 2115 3875 ausus
2155 3830 2278 3871 mx·

265 3830 428 3965 }itee
468 3893 793 3976 attingere
816 3938 833 3968 ,
878 3913 1113 3959 servos
1152 3894 1502 3982 quosdam,
1549 3894 1664 3981 qui
1703 3890 2021 3959 militibus
2063 3892 2277 3955 immi·

330 4082 482 4162 pap.
506 4080 739 4170 XLVII.
779 4079 916 4138 Dio.
990 4080 1135 4162 Cap.
1155 4083 1414 4144 XLVIII.
1455 4080 1712 4161 Appian.
1751 4078 1895 4139 Dio.
1927 4088 1986 4137 et
2001 4074 2266 4155 Appian-

265 4150 411 4209 Dio.
482 4146 631 4229 Cap.
660 4150 861 4231 xqu
894 4152 1161 4229 Appxaa.
1350 4200 1359 4209 ,

488 4358 523 4375 x
