2892 4684
481 925 1063 1031 Jonnmms
1164 922 1943 1000 rnssmsnssmn

373 1089 1095 1173 surrmmen‘rouum
1144 1115 1628 1208 murionum
1676 1111 1897 1196 mni-:n
1934 1111 2054 1170 xc,

471 1233 477 1239 ’
530 1279 620 1341 m
671 1278 974 1344 Locum
1014 1279 1247 1341 me
1291 1277 1549 1344 cxxv.
1592 1275 1925 1344 ¹1·.L1v11.

362 1509 414 1570 1.
463 1507 747 1570 Sublatis
767 1509 956 1572 Bruti
983 1511 1306 1594 Cass'iique
1340 1505 1631 1591 partibus
1666 1503 1866 1569 statim
1904 1503 1983 1567 ad
2031 1503 2221 1578 aruit,
2255 1509 2355 1566 -U.
2378 1526 2573 1578 cayno.

241 1608 432 1672 quam
468 1589 862 1651 imbecillum
898 1591 982 1654 sit
1019 1593 1190 1654 inter
1227 1590 1555 1662 homines,
1604 1587 1775 1672 quod
1803 1528 2226 1650 firmifl'imnm
2290 1581 2444 1635 Ax.
2472 1587 2575 1658 422

242 1669 376 1732 ess'e
418 1671 766 1742 debuerat,
825 1673 1190 1746 vinculum,
1249 1671 1414 1733 fides
1469 1684 1535 1731 et
1582 1683 1915 1752 pactorum
1958 1667 2224 1750 religio,
2284 1651 2437 1771 ‘Nm'
2457 1649 2603 1759 ‘'¹3⁸’‘

245 1755 552 1835 quotiens
586 1751 925 1836 adspirans
968 1756 1248 1815 Fortuna
1291 1773 1408 1850 spe
1445 1750 1707 1832 majoris
1742 1750 2075 1840 potentiae
2115 1768 2225 1811 cu·
2252 1731 2607 1840 zaza-⁰:2⁸„

176 1843 182 1850 '
244 1833 441 1918 pidos
479 1847 545 1894 et
577 1833 999 1918 praeferoces
1033 1836 1280 1897 animos
1319 1831 1589 1896 inssavit.
1674 1833 1913 1894 Caesar
1956 1831 2127 1893 enim
2166 1843 2233 1892 et
2256 1859 2511 1910 victores.

249 1915 576 1978 Antonius
621 1916 893 1978 victoria
931 1918 1106 1988 laeti,
1154 1913 1477 1978 sacrificio
1513 1913 1707 1987 sacto,
1749 1914 2065 1977 militibus
2096 1915 2235 1975 col-

246 1995 544 2068 laudatis,
589 1999 900 2060 contiuuo
933 1997 1249 2082 Lepidum
1289 1995 1645 2060 excludere
1682 1996 1994 2058 societate
2028 1996 2233 2080 impe·-

249 2077 340 2140 rii
377 2078 784 2152 studuerunt,
829 2101 998 2142 nova
1038 2079 1521 2165 provinciarum
1564 2076 1841 2140 instituta
1882 2077 2235 2149 divisione,
2348 2155 2353 2162 .

251 2161 352 2221 uti
402 2161 482 2222 de
526 2161 759 2244 Lepidi
809 2175 1034 2244 parte,
1099 2162 1208 2246 qui
1247 2157 1561 2244 Pompeio
1602 2158 1825 2221 faviss'e
1866 2158 2235 2228 dicebatur,

252 2238 570 2338 Hispania
619 2255 685 2304 et
731 2243 1029 2306 Numidia
1073 2242 1374 2316 Caesari,
1449 2241 1733 2303 Antonio
1782 2241 1989 2304 Gallia
2040 2253 2235 2324 atque

249 2319 478 2385 Africa
512 2323 971 2404 adjicerentur,
1017 2324 1340 2408 siquidem
1373 2320 1507 2407 pati
1525 2321 1813 2406 Lepidus
1846 2323 2087 2406 peffet:
2135 2321 2239 2382 sin

251 2421 414 2467 vero
453 2407 838 2489 generosius
873 2405 1358 2490 indignaretur,
1403 2417 1511 2466 aut
1552 2404 1863 2466 innocens
1908 2403 2065 2465 ess'et
2107 2403 2239 2464 cri·
2312 2429 2317 2440 ·

251 2487 472 2558 minis,
519 2487 808 2550 Africam
843 2490 905 2552 ei
943 2488 1306 2552 eoncess'uri
1343 2498 1549 2548 erant.
1631 2487 1730 2546 De
1765 2485 2005 2548 ceteris
2044 2483 2240 2546 nihil-

255 2565 408 2626 dum
440 2568 794 2640 decretum,
839 2571 1198 2632 Sardiniam
1231 2583 1300 2632 et
1328 2567 1617 2632 Siciliam
1651 2567 1987 2628 obtinente
2016 2567 2239 2639 Sexto,

257 2648 499 2707 ceteris
539 2650 900 2730 provinciis
934 2654 1218 2715 nondum
1255 2650 1537 2734 pacatis,
1596 2663 1663 2712 et
1697 2649 1875 2710 ltalia
1911 2649 2243 2732 utrimque

261 2741 564 2810 excepta,
611 2748 797 2815 quam
840 2751 1240 2796 communem
1282 2732 1525 2793 habere
1568 2731 1873 2814 patriam,
1922 2744 2025 2806 et,
2072 2749 2239 2815 quae

257 2806 593 2883 facerent,
639 2831 762 2894 pro
801 2812 978 2874 illius
1013 2816 1216 2876 salute
1252 2813 1471 2876 facere
1506 2811 1903 2876 dictitabant.

249 2939 258 2960 ““
341 2941 460 3022 fn.
507 2941 628 3003 His
661 2942 746 3003 ita
774 2941 1111 3016 ordinatis,
1155 2946 1396 3028 placuit
1415 2945 1763 3010 Antonium
1794 2944 2035 3006 orienti
2064 2963 2239 3006 com·
2300 2945 2573 3028 quanin

258 3023 566 3106 ponendo
599 3025 1176 3110 transmarinisque
1213 3029 1573 3110 provinciis
1609 3027 1991 3112 impendere
2026 3045 2236 3096 curas,
2265 3028 2513 3068 ”mmm

261 3123 658 3200 operamque
689 3107 866 3180 dare,
912 3110 1004 3168 uti
1043 3109 1341 3191 promiss'a
1381 3111 1697 3172 militibus
1727 3111 1999 3193 pecunia
2025 3109 2239 3186 (vice-
2263 3099 2597 3203 zaptnnssi·
2661 3109 2669 3116 “

263 3205 346 3244 na
399 3189 602 3248 millia
665 3191 990 3248 nummum
1044 3189 1330 3266 viritim)
1383 3211 1463 3252 co
1513 3203 1771 3254 eretur:
1858 3173 2593 3272 Caesarem,0,m,;,·„'

264 3281 542 3349 propter
593 3270 1024 3331 valetudinem
1080 3271 1368 3353 ineptum
1419 3212 1507 3332 a}
1546 3273 1890 3340 ulteriora,
1934 3293 2077 3334 cum
2110 3271 2239 3344 his,
2275 3289 2489 3340 ltaliam
2507 3305 2589 3341 re.

272 3348 384 3430 qui
419 3346 728 3431 stipendia
759 3352 1022 3432 impleta
1055 3351 1389 3428 haberent,
1437 3354 1673 3436 quibus
1706 3353 1849 3414 data
1874 3351 2073 3415 statim
2104 3366 2244 3416 erat
2268 3357 2411 3413 ducit
2424 3360 2616 3430 copias.

270 3427 517 3502 mimo,
579 3431 644 3491 in
677 3433 918 3494 ltaliam
959 3431 1321 3516 proficisci,
1382 3435 1617 3518 Lepidi
1656 3436 2006 3498 coercendi
2038 3437 2245 3497 caull'a

272 3510 626 3595 Sextique,
685 3527 751 3574 et
788 3514 1091 3578 dividere*
1130 3517 1455 3578 veteranis
1498 3535 1691 3599 agros
1730 3515 2053 3601 sedesque
2090 3537 2245 3600 pro-

269 3591 484 3653 mifl'as
537 3593 1024 3660 obwictoriann
1103 3600 1304 3659 Erant
1352 3613 1805 3661 veteranorum
1848 3612 1998 3661 octo
2036 3598 2247 3671 ferme

269 3674 504 3746 millia,
567 3676 674 3758 qui
727 3677 1014 3738 militiam
1063 3679 1338 3740 miffioni
1379 3677 1858 3764 praeferebant.
1944 3682 2149 3762 Igitur
2182 3693 2252 3744 et
2325 3743 2329 3746 ,

269 3753 396 3818 hos
449 3757 622 3818 inter
669 3777 740 3820 se
789 3757 1188 3838 diviserunt3
1249 3775 1354 3833 et,
1419 3781 1613 3846 quum
1659 3757 2059 3844 superessent
2105 3779 2251 3823 cum

272 3836 594 3902 dedititiis
629 3839 923 3924 legiones
957 3841 1291 3930 undecim,
1337 3857 1402 3905 et
1439 3844 1727 3928 equitum
1762 3842 2253 3926 quatuordecim

341 4027 490 4101 Gap.
521 4029 571 4084 1.
618 4027 758 4096 Dio,
789 4028 831 4085 1.
859 4028 948 4094 48.
988 4027 1240 4100 Appiae.
1281 4028 1453 4084 Civil.
1488 4031 1527 4085 l.
1558 4030 1615 4086 ὅ.
1653 4030 1837 4086 Eutro
1888 4067 1906 4086 .
1939 4030 1983 4085 1.
2014 4049 2069 4100 7.
2106 4027 2249 4085 Dio.

272 4097 607 4168 etAppian.
645 4096 782 4152 Dio.
855 4097 1000 4168 Cap.
1027 4097 1104 4152 11.
1146 4097 1387 4152 Sueten.
1429 4099 1575 4172 Aug·
1604 4101 1685 4156 13.
1731 4047 1885 4160 Veli:
1910 4117 1961 4172 s,
1991 4117 2023 4174 7
2064 4137 2079 4154 .
2118 4099 2247 4157 Liv-

269 4163 430 4239 Epit.
465 4164 618 4221 Plut.
657 4165 878 4226 Aaron.
917 4167 1172 4243 Appian-
1207 4178 1267 4225 et
1293 4167 1428 4232 Dio.
1466 4166 1729 4244 Appias.
