2892 4684
694 248 810 291 100
859 230 1265 305 Faetusn.
1288 211 2127 313 sumn-emmenum
2157 233 2312 296 Lm.
2333 234 2630 303 axxvt.

470 434 665 503 ‘³7⁰4-
694 462 837 515 mo,
899 460 1093 524 quem
1137 438 1451 513 habebat,
1511 440 1616 503 rei
1664 440 1967 503 militaris
2018 460 2181 513 usu,
2241 439 2704 522 praedixerat...

460 504 527 559 c·
558 504 649 571 4⁸·
692 522 1091 587 Funditores
1130 535 1198 591 et
1234 522 1587 604 sagittarii,
1631 523 1712 583 ab
1747 520 2038 603 equitatu
2071 518 2390 617 deglituti,
2437 535 2686 585 extem.-

563 608 571 619 ‘
690 606 803 689 plo
843 604 1269 668 circumventi
1306 605 1482 667 caesi
1534 624 1616 663 ue
1653 615 1822 664 sunt.
1910 604 2283 687 Pompejus‚
2331 605 2501 667 victa
2533 624 2686 686 par-

684 700 753 747 te
808 705 1110 759 suorum,
1145 684 1241 745 -in
1291 705 1414 768 qua
1471 706 1512 767 p
1544 684 1824 745 utimum
1872 682 2150 747 fiduciae
2205 684 2681 758 collocaverat,

686 766 991 829 damnare
1024 788 1174 863 spes
1198 786 1344 827 suas
1368 766 1612 849 coepit,
1657 766 1930 848 acieque
1958 765 2187 828 relicta
2211 766 2469 849 fugere.
2515 768 2684 827 Tum

688 869 872 921 vero,
920 870 1129 911 caesis
1167 846 1492 929 fugatisve
1524 846 1820 919 (lucibus,
1865 847 2031 907 nulli
2055 848 2178 921 rei,
2223 862 2690 932 praeterquam

685 930 1007 993 turbando
1045 930 1361 1001 invicem,
1412 928 1648 989 idonea
1684 929 2018 1010 copiarum
2056 929 2432 1013 magnitudo
2469 932 2547 993 ad
2585 926 2694 991 sa'-

688 1014 978 1075 tietatem
1014 1010 1211 1072 hostis
1250 1029 1436 1070 caesa
1475 1008 1599 1070 est:
1642 1010 1853 1071 donec
1890 1010 2198 1073 misertus
2231 1013 2470 1073 Caesar
2500 1011 2694 1095 parci.

694 1092 949 1155 civibus
986 1092 1180 1173 juss'it.
1264 1092 1411 1151 Hoc
1445 1092 1728 1174 imperio
1767 1092 2203 1173 perol-dines
2233 1088 2516 1177 vulgate,
2561 1094 2689 1153 mi-

689 1175 883 1247 lites,
926 1175 1021 1235 uti
1062 1175 1166 1237 cui
1203 1173 1496 1234 Romano
1532 1187 1979 1245 occurrerant,
2022 1171 2189 1236 stare
2219 1193 2518 1235 securum
2547 1174 2686 1255 jus·
2747 1202 2754 1207 ’

696 1268 959 1317 serunt:
1026 1256 1093 1316 in
1139 1251 1372 1316 auxilia
1414 1266 1550 1315 tota
1585 1256 1747 1317 belli
1787 1254 1887 1317 ira
1935 1254 2265 1330 incubuit,
2325 1276 2683 1341 eorumque

693 1338 929 1423 ingens
966 1336 1227 1400 concisa
1263 1336 1610 1399 multitudo
1649 1332 1757 1401 cst.

258 1512 263 1517 -
306 1466 543 1534 ‘Castra
580 1482 675 1519 0⁸·-
821 1469 1077 1532 LXVII.
1124 1469 1397 1543 Caesar,
1493 1472 2163 1556 uamquam'fatigatus
2247 1472 2459 1533 roelio
2491 1472 2684 1535 miles

316 1548 647 1609 Puss'ss'm‘f·
697 1548 869 1615 aestu
903 1570 1163 1635 quoque
1198 1569 1474 1633 aggrava
1524 1568 1686 1625 atur,
1711 1560 1886 1635 (nam
1921 1559 1998 1616 ad
2029 1494 2371 1617 merifliem
2403 1568 2687 1617 extracta

692 1654 907 1719 pugna
942 1638 1121 1709 erat)
1154 1646 1367 1694 tamen
1402 1636 1770 1712 monendo,
1817 1640 1887 1699 ni
1933 1635 2127 1699 castra
2169 1634 2442 1697 hostium
2483 1656 2560 1699 ex
2609 1658 2687 1697 u-

692 1714 1041 1801 guentur,
1076 1714 1526 1797 imperfectam
1579 1718 1915 1779 victoriam
1963 1718 2288 1801 relinqui,
2357 1660 2684 1801 perpulit,

691 1810 766 1858 ut
799 1796 1031 1859 eodem
1062 1797 1309 1879 impetu
1340 1798 1516 1859 vallo
1551 1796 1824 1861 hostium
1859 1802 2310 1863 succederent.
2367 1820 2532 1875 nam,
2575 1822 2688 1879 su-

690 1897 816 1962 per
845 1878 1293 1944 auctoritatem
1320 1879 1740 1963 imperatoris
1771 1896 1836 1943 et
1865 1884 2070 1947 elatos
2099 1881 2388 1947 success'u
2411 1882 2684 1955 animos,

688 1958 934 2045 praeda
968 1956 1335 2033 castrorum,
1366 1981 1560 2043 quam⁴
1589 1963 1880 2025 sciebant
1909 1964 2348 2049 amplissimam
2378 1962 2547 2036 fore,
2584 1964 2688 2023 in-

582 2088 587 2095 .
695 2042 1155 2105 cendebantur.
1244 2040 1486 2114 Castra,
1549 2042 1942 2128 aliquamdiu
1981 2044 2403 2107 aThracibus
2441 2044 2683 2129 magis,

594 2176 608 2189 ,
694 2144 885 2207 quam
915 2148 947 2185 a
976 2124 1307 2199 Romanis,
1356 2124 1696 2205 (cohortes
1736 2142 1991 2211 septem
2026 2124 2244 2190 castris
2282 2124 2686 2209 castellisque

692 2205 1031 2289 praesidio
1068 2206 1418 2290 Pompeius
1457 2206 1854 2292 reliquerat)
1896 2209 2206 2281 defensa,
2251 2221 2572 2271 venerunt
2615 2210 2685 2286 in

692 2287 1070 2369 potestatem
1105 2286 1398 2352 victoris.
1485 2292 1650 2349 Tum
1684 2311 1845 2353 vero
1867 2290 2271 2375 Pompejum‚
2317 2292 2429 2375 qui
2463 2288 2684 2351 hacte-

694 2370 817 2429 n'us
853 2372 919 2432 in
950 2370 1285 2455 praetorio
1318 2368 1580 2433 sederat
1607 2374 1866 2447 tacitus,
1909 2372 2070 2435 haec
2095 2370 2295 2435 verba
2321 2371 2681 2455 loquutum,

692 2450 949 2511 Etiamne
986 2456 1046 2511 in
1079 2451 1297 2529 castra?
1336 2466 1580 2514 mutato
1618 2451 1842 2516 habitu
1873 2454 2107 2537 fugiffe
2136 2452 2416 2515 tradunt.
2473 2456 2685 2515 Inter-

691 2528 783 2593 im
819 2546 883 2595 et
917 2530 1163 2595 castella
1184 2576 1201 2607 ,
1265 2532 1656 2597 dedentibus
1677 2578 1696 2609 ,
1759 2536 1874 2620 qui
1909 2548 2289 2608 tenuerant,
2335 2556 2368 2595 a
2395 2538 2474 2597 P.
2507 2534 2688 2597 Sulla

692 2628 875 2696 capta
898 2629 1102 2676 esunt.
1188 2614 1426 2679 Caesar
1471 2614 1681 2679 adhuc
1725 2616 1812 2678 im
1863 2618 2096 2680 etravit
2135 2637 2171 2678 a
2207 2616 2381 2689 suis,
2425 2630 2532 2689 ut,
2576 2636 2688 2677 re-

690 2694 843 2757 licta
876 2694 1156 2781 praeda,.
1182 2718 1421 2761 novum
1463 2698 1738 2782 insuper
1771 2700 1829 2760 la
1879 2720 2061 2761 orem
2100 2698 2537 2782 susciperent,
2576 2717 2690 2758 ex-

692 2778 1055 2861 pugnandis
1078 2778 1518 2863 Pompeianis,
1561 2781 1674 2875 qui
1709 2800 1747 2843 e
1777 2778 1997 2844 castris
2029 2781 2410 2864 refugerant
2437 2780 2505 2841 in
2530 2799 2689 2864 pro-

670 2859 937 2939 ·‘ximum
972 2873 1296 2935 montem,
1346 2874 1414 2923 et
1436 2902 1452 2935 ,
1501 2882 1654 2945 quta
1693 2863 1879 2925 locus
1915 2884 2118 2960 aquae
2152 2874 2291 2925 erat
2327 2862 2542 2946 inops,
2587 2862 2691 2942 ju·
2787 2880 2793 2890 ’

697 2935 799 3023 gis
848 2943 985 3024 ejus
1030 2942 1335 3005 Lariss'am
1383 2964 1640 3008 versus·
1670 2965 1743 3006 se
1789 2945 2214 3029 recipiebant.
2301 2942 2374 3005 Id
2424 2962 2690 3027 quoque

535 3042 541 3051 ·
586 3054 631 3103 1v
700 3021 927 3085 eadem
976 3024 1085 3085 die
1129 3023 1498 3107 perfectum
1543 3024 1666 3101 est,
1729 3047 2108 3112 quamquam
2149 3040 2216 3088 et
2251 3024 2532 3108 paffuum
2570 3024 2690 3087 ali-

698 3120 859 3249 quot
898 3106 1259 3169 emetienda
1294 3108 1495 3168 millia
1518 3151 1534 3183 ,
1594 3122 1662 3171 et
1701 3122 2048 3194 praeterea
2083 3106 2436 3169 muniendo
2476 3108 2692 3170 seclu-

747 3188 949 3249 endus
988 3210 1025 3248 a
1056 3201 1275 3252 monte
1312 3188 1479 3263 alio,
1544 3210 1734 3274 quem
1781 3188 1996 3253 hostes
2047 3201 2391 3276 ceperant,
2453 3186 2690 3252 fluvius

555 3294 561 3299 ·
603 3336 619 3341 „
698 3266 848 3333 fuit.
914 3284 1085 3331 tanta
1142 3283 1282 3331 erat
1340 3284 1407 3331 et
1461 3270 1878 3355 imperatoris
1935 3273 2153 3347 illius,
2213 3286 2281 3335 et
2319 3272 2646 3334 exercitus
2671 3311 2689 3344 ,

698 3366 957 3437 tamque
993 3353 1234 3417 invicta
1271 3352 1468 3415 armis
1509 3367 1574 3415 et
1608 3355 1942 3441 laboribus
1979 3356 2299 3418 alacritas.

384 3484 641 3550 Cauniis
761 3484 766 3488 ’
820 3485 1111 3560 LXVIII.
1172 3480 1270 3545 Δι’
1298 3486 1578 3561 Caesar,
1635 3490 1805 3551 sicut
1893 3486 2294 3559 raedixerat,
2355 3486 2426 3547 in
2468 3481 2690 3547 castris

322 3566 629 3623 clem-tea.
696 3564 969 3647 hostium
1008 3577 1227 3630 exacta
1262 3580 1482 3641 nocte,
1529 3570 1734 3653 captis
1766 3508 2137 3653 degitisque
2170 3568 2470 3649 omnibus
2497 3569 2691 3649 igno·
2729 3582 2753 3612 Φ

698 3650 826 3717 vit,
874 3650 1145 3709 maxime
1182 3648 1393 3709 laetus
1424 3653 1514 3711 M.
1550 3654 1760 3712 Bruto
1793 3653 1920 3712 Cae
1972 3652 2123 3712 ione
2165 3663 2446 3721 servato,
2485 3670 2522 3709 a
2555 3666 2686 3729 quo

664 3727 912 3814 postea
952 3728 1342 3793 interfectus
1380 3729 1492 3793 est.
1573 3734 1637 3793 Is
1673 3754 1708 3793 a
1737 3672 2002 3805 Latissiii,
2051 3752 2182 3817 quo
2219 3752 2292 3793 se
2325 3730 2692 3794 contulerat

658 3970 665 3977 ,
765 3916 911 3991 Gap.
942 3901 1147 3972 Lx'vl.
1186 3918 1405 3972 Lucan.
1444 3920 1616 3975 Caes.
1655 3921 1820 3980 Flor.
1863 3921 2036 3977 Caes.
2073 3920 2229 3976 Plut.
2265 3918 2429 3973 Flor.
2467 3920 2693 3974 Lucan.

692 3983 859 4040 Flor.
901 3987 992 4057 Ap
1040 3983 1158 4042 ian.
1200 3986 1538 4051 veihaba.
1582 3988 1829 4047 Sueten.
1869 3992 2041 4045 Caes.
2081 3990 2244 4055 c.·75.
2297 3989 2697 4066 Gap.val1.

698 4052 959 4134 Appian.
996 4004 1166 4110 gaes.
1201 4054 1355 4119 Plus.
1396 4057 1656 4130 Appian.
1695 4060 1864 4115 Caes.
1941 4059 2088 4132 Cap.
2121 4058 2386 4114 vam.
2432 4058 2698 4131 Appian.

322 4150 357 4209 ‘0
696 4122 825 4179 [ιν.
853 4122 1009 4196 Epit.
1060 4124 1217 4189 Plut.
1259 4126 1429 4183 Caes.
1469 4137 1530 4183 et
1563 4128 1737 4184 Brut.
