2892 4684
592 303 681 366 IN
719 297 1022 364 Locum
1061 297 1229 360 LIB.
1275 296 1566 364 cxvun
1604 295 1835 363 leu.
2101 295 2219 360 301

145 430 151 446 ¹
230 431 2223 466 —ss———q—fflm

223 518 448 574 tineret
493 529 612 572 cum
652 511 908 590 imperio,
961 503 1269 586 bellumque
1315 521 1434 564 cum
1486 505 1775 568 Dolabella
1812 529 2055 591 gereret.
2138 510 2225 593 Q.
2284 509 2358 566 U.
2391 527 2443 564 a.
2474 523 2602 580 ⁴7⁰9.

225 593 592 677 Caepionis
625 590 885 652 nomine
915 607 1046 649 non
1077 587 1270 648 alium
1291 627 1308 659 ,
1353 584 1603 648 nisiM.
1628 593 1937 664 Brutum,
1982 591 2228 654 intelli·
2277 579 2360 633 Α·
2394 579 2461 634 G·
2492 580 2588 646 43·
2666 627 2675 636 .

229 679 310 759 gi
363 673 746 738 monendum
794 671 917 743 est,
989 669 1101 752 qui
1151 688 1386 728 nomen
1445 668 1607 730 illud
1660 693 2225 757 praenomenque,

231 769 438 900 qziium
485 757 560 818 ab
596 755 882 820 Servilio
913 751 1244 834 Caepione
1286 751 1605 814 avunculo
1652 755 1811 818 effet
1845 755 2228 852 adoptatus,

232 863 272 900 a
327 853 626 901 sciverat.
1087 862 1097 878 ⁴

375 972 542 1031 XXI.
589 971 758 1030 Dum
803 966 966 1064 haec
1013 960 1082 1026 in
1119 962 1473 1026 Antonium
1506 965 1749 1026 Romae
1791 963 1953 1030 fiunt
1996 987 2231 1053 magno
2282 987 2465 1046 Amici
2482 988 2597 1042 An.

149 1097 162 1110 .
230 1052 711 1138 plerorumque
753 1046 996 1120 studio,
1053 1043 1611 1132 non-defuerunt,
1680 1047 1791 1128 qui
1828 1065 2045 1130 partes
2086 1051 2230 1132 ejus
2258 1061 2420 1114 nonii.

227 1135 458 1196 modis
498 1131 798 1194 omnibus
827 1142 1212 1192 tutarentur.
1259 1147 1338 1188 ex
1379 1147 1655 1211 quorum
1694 1149 1966 1191 numero
1998 1133 2231 1196 adver·

233 1237 356 1278 sus
391 1212 1058 1282 senatusconsultum,
1105 1230 1234 1293 quo
1273 1225 1497 1271 contra
1534 1211 1997 1293 rempublicam
2034 1215 2236 1279 secis-

232 1318 314 1360 se
362 1294 912 1364 existimabantur,
951 1291 1030 1354 ad
1065 1293 1418 1352 Antonium
1462 1291 1749 1374 profecti
1786 1308 1939 1356 sunt
1974 1311 2239 1377 praeto..

229 1399 358 1442 res
404 1378 544 1456 ejus
585 1376 737 1437 anni
772 1374 955 1444 duo⁰,·
999 1374 1075 1434 P.
1113 1372 1496 1444 Ventidius,
1558 1375 1632 1434 L.
1666 1377 1950 1438 Marcius
1986 1379 2241 1440 Censo-

230 1461 456 1530 rinus,
500 1479 662 1520 unus
711 1478 792 1521 ue
833 1457 1132 1517 tribunus
1167 1455 1404 1538 plebis,
1453 1470 1519 1517 et
1548 1453 1871 1536 designati
1895 1458 2048 1533 duo,
2092 1479 2240 1522 cum

233 1543 394 1604 aliis
435 1479 813 1624 quibusdam
849 1535 1282 1600 senatoribus.
1368 1537 1539 1609 Alii,
1586 1553 1921 1601 manentes
1952 1542 2019 1600 in
2050 1544 2237 1618 urbe,

234 1643 514 1696 omnem,
543 1643 661 1706 pro
693 1621 976 1683 Antonio
1013 1617 1296 1701 lapidem
1333 1618 1718 1680 movebant:
1780 1621 2003 1684 Fufius
2047 1645 2239 1708 prae-

237 1705 480 1766 sertim
520 1720 586 1766 et
617 1705 810 1774 Piso,
869 1703 1252 1786 plerumque
1306 1701 1651 1762 sententiis
1702 1701 2011 1766 diss'idcre
2060 1728 2094 1767 a
2131 1709 2242 1768 Ci-

235 1801 490 1848 cerone
535 1785 746 1857 soliti,
793 1797 860 1846 et
893 1783 1073 1867 pacis
1111 1780 1448 1843 commoda
1486 1783 1908 1845 inculcantes.
1996 1788 2082 1849 Hi
2126 1809 2242 1850 ne-

237 1887 378 1953 que
417 1866 654 1930 vestem
691 1877 1104 1930 mutaverunt
1143 1860 1342 1925 statim
1368 1906 1384 1933 ,
1431 1874 1498 1924 et
1534 1866 1786 1926 senatui
1825 1865 2090 1930 fuerunt
2130 1891 2241 1931 au-

235 1963 469 2012 ctores
520 1951 758 2010 iterum
807 1947 887 2008 ad
928 1946 1282 2006 Antonium
1331 1947 1587 2028 legatos
1634 1947 1970 2023 mittendi,
2032 1953 2244 2013 Pansa

233 2051 508 2115 quoque
534 2032 820 2091 -consule'
863 2029 1219 2089 hortatore.
1282 2028 1627 2112 dictaeque
1667 2042 1816 2091 aunt
1854 2036 2243 2106 sententiae,

234 2133 307 2172 ιιι
345 2112 650 2193 consulares
683 2115 937 2192 quinque,
982 2127 1144 2188 atque
1172 2113 1320 2170 inter
1351 2130 1438 2169 eos
1467 2111 1679 2182 Cicero,
1722 2109 2063 2193 legaremur.
2109 2113 2244 2177 Sed

237 2194 358 2255 hic
390 2194 652 2280 quidem
683 2191 935 2254 senatui
961 2189 1237 2262 cauffas,
1297 2211 1414 2252 cur
1454 2189 1791 2276 proficisci
1830 2215 2045 2279 neque
2085 2218 2242 2280 pos..

239 2291 388 2346 aet,
435 2294 650 2359 neque
689 2274 1002 2342 deberet,
1049 2272 1374 2334 luculenta
1411 2273 1708 2333 oratione
1748 2279 2083 2357 exposuit:
2148 2292 2242 2340 at-

233 2377 376 2441 que
398 2399 414 2428 ‚
462 2358 577 2418 illo
613 2357 1018 2421 detrectante
1049 2353 1404 2436 legationis
1441 2373 1697 2428 munus,
1744 2359 1953 2419 ceteri
1980 2381 2243 2446 quoque

231 2453 726 2502 remanserunt.

371 2587 572 2647 xxn.
623 2585 756 2648 Sed
785 2587 986 2651 Vibio
1015 2589 1266 2649 Pansae
1301 2587 1555 2648 consuli
1592 2586 1672 2648 ad
1701 2587 1945 2664 bellum
1982 2588 2245 2651 exeunti
2295 2604 2619 2670 ostentam..
2666 2649 2671 2657 ,

233 2666 447 2730 foeda
487 2666 726 2730 ostenta
761 2667 950 2731 facta.
1037 2674 1194 2734 Nam
1233 2671 1457 2730 ultima
1496 2671 1853 2742 concione,
1968 2691 2111 2730 uam
2164 2671 2243 2731 ad
2269 2678 2381 2726 suti
2403 2672 2597 2726 Pansae

295 2750 568 2830 epulum
600 2748 932 2821 habuerat,
979 2753 1316 2832 quemdam
1352 2773 1432 2812 ex
1466 2753 1653 2812 turba
1686 2693 2034 2815 comitialis
2068 2773 2245 2814 mor·
2270 2745 2481 2798 θθῙΜθ·

239 2771 378 2892 Eas
415 2829 790 2912 prostravit:
837 2844 933 2902 et,
975 2843 1102 2913 'qua
1139 2833 1478 2914 profectus
1514 2832 1601 2894 est
1633 2835 1826 2907 hora,
1874 2833 2065 2895 statua
2102 2835 2245 2915 ejus

247 2931 456 2974 aenea
497 2909 849 2994 equestris,
898 2930 1084 2994 quam
1115 2908 1393 2991 habebat
1423 2915 1633 2987 domi,
1668 2912 1951 2977 corruit.
2017 2919 2244 2999 Equus
2335 2947 2337 2950 >

247 2994 633 3092 phaleratus
674 2993 740 3052 in
773 2993 920 3054 heri
957 3008 1315 3075 conspectu
1351 2995 1655 3056 festinans
1690 2997 2000 3059 concidit.
2074 3001 2255 3058 Inter

249 3075 755 3149 immolandum,
787 3075 889 3138 'ut
943 3067 1234 3147 solebat,
1300 3078 1679 3160 priusquam
1720 3078 2008 3161 paludati
2050 3079 2255 3160 magi-

245 3155 486 3222 ‘stratus
515 3156 1130 3242 proficiscerentur,
1177 3171 1322 3218 exta
1349 3157 1428 3218 ab
1455 3157 1801 3245 haruspice
1832 3175 2107 3244 propter
2130 3160 2254 3220 mi-

249 3239 506 3302 rificam
551 3239 884 3334 sanguinis
923 3237 1306 3300 exundantis
1345 3240 1599 3322 copiam
1631 3242 1908 3321 judicari
1940 3242 2256 3324 nequive—

254 3334 442 3384 runtt
491 3335 554 3382 et
596 3321 850 3404 quidam
890 3341 927 3380 e
963 3323 1245 3403 populo,
1292 3321 1360 3381 in
1397 3321 1631 3382 eodem
1664 3323 1974 3406 sanguine
2012 3325 2253 3405 lapsae,

249 3405 568 3486 palmam,
633 3421 821 3484 quam
861 3403 1018 3463 boni
1061 3402 1298 3462 ominis
1339 3401 1543 3464 caull'a
1580 3403 2031 3486 proficiscenti
2069 3405 2251 3466 datu—

253 3505 374 3545 rus
419 3499 594 3562 erat,
660 3485 1025 3546 cruentavit
1075 3486 1527 3567 porrexitque.
1628 3485 1729 3546 Ad
1779 3485 1939 3548 haec
1990 3487 2252 3547 simula·-

257 3585 442 3627 crum
483 3567 711 3628 Matris
756 3567 964 3627 Deum
1008 3567 1076 3626 in
1114 3567 1364 3632 Palatio
1406 3567 1485 3626 ab
1526 3579 1674 3626 ortu
1714 3568 1795 3628 ad
1833 3587 2129 3629 occasum
2177 3587 2251 3631 se

257 3649 622 3717 convertit:
685 3661 752 3709 et
799 3649 1040 3710 Dianae
1093 3649 1384 3732 signum,
1448 3648 1623 3731 quod
1660 3649 1945 3711 Mutinae
1990 3651 2250 3710 coleba-

254 3743 402 3803 tur,
507 3729 744 3790 lurimo
795 3732 1109 3827 sanguine
1156 3732 1479 3814 primum,
1544 3730 1782 3793 deinde
1830 3731 1998 3793 lacte
2040 3729 2248 3794 fluxit.

259 3813 482 3874 Consu
511 3831 583 3874 es
641 3826 790 3874 ante
843 3813 1047 3876 ferias
1093 3814 1354 3875 Latinas
1411 3833 1491 3876 ex
1536 3814 1699 3876 urbe
1742 3813 2031 3898 profecti
2067 3826 2249 3890 sunt,

333 3997 482 4072 Cap.
505 3997 628 4056 XX.
664 3999 822 4054 Vell.
860 4015 910 4068 ο,
947 4001 1036 4056 6¹1.
1075 3999 1198 4056 cie.
1235 3999 1310 4055 ad
1339 3989 1508 4058 Brut.
1541 4023 1591 4068 1,
1620 4002 1677 4060 ὅ.
1746 4001 1893 4074 Capi
1920 4001 2072 4056 xx1.
2110 3997 2249 4070 mo,

261 4065 307 4118 l·
338 4071 428 4133 46.
485 4069 611 4124 cic.
642 4069 791 4125 Phil.
819 4067 876 4127 8,
917 4087 1002 4122 ιι.
1041 4079 1100 4122 ct
1131 4089 1224 4138 n,
1259 4073 1310 4126 ὅ.
1361 4081 1421 4124 et
1457 4089 1553 4138 η,
1582 4071 1641 4126 8.
1693 4071 1829 4125 Dio.
1886 4069 2012 4126 Cic.
2050 4071 2105 4122 in
2146 4071 2251 4126 Ph.

263 4135 506 4206 passim.
563 4137 702 4192 Dio.
760 4138 882 4206 Cic.
915 4135 1070 4192 Phil.
1111 4157 1193 4204 ια,
1230 4159 1294 4190 ι..
1327 4137 1481 4198 Phil.
1517 4141 1601 4211 13,
1640 4157 1724 4210 ¹7·
1778 4138 1926 4195 Phil.
1964 4155 2045 4196 n.
2107 4137 2253 4194 Dio.

272 4203 421 4275 Cap.
452 4198 632 4262 xxlt.
678 4205 796 4264 Jul.
831 4201 1054 4282 Obseq.
1089 4216 1149 4262 et
1179 4205 1315 4262 Dio.
1998 4263 2006 4272 ,
