2892 4684
648 269 771 349 390
810 264 1210 331 FREINSH.
1231 256 2063 326 SUPPLEMENTORUM
2081 257 2227 318 Lm.
2247 251 2631 317 LXXXVII.

310 470 380 525 U·
418 488 472 526 ο·
504 490 629 541 7⁰9·
774 477 883 535 111.
930 472 1285 534 Enimvero
1319 470 1614 539 Brutum,
1661 465 1858 527 rebus
1897 466 1963 525 in
1990 465 2144 527 Asia
2185 486 2263 527 ex
2297 481 2452 529 voto
2487 488 2636 530 sue-

313 542 385 593 Α·
422 542 489 594 C·
515 542 604 624 43:
658 554 1075 621 cedentibus„
1138 556 1223 612 M.
1266 548 1533 610 Antonii
1582 562 1846 609 conatus
1893 548 1960 606 in
2001 550 2326 629 Europam
2367 569 2640 609 revoca-

312 608 615 663 R‘d'm‘m
658 651 830 699 runt.
888 636 1069 711 cujus
1106 635 1263 693 licet
1296 650 1447 712 spes
1489 629 1556 688 in
1593 628 1886 689 exercitu
1926 628 2310 689 seditionem
2353 631 2642 703 serendi,

280 678 582 749 Eunfam‘
655 720 1050 798 interempto
1092 715 1296 775 fratre
1332 710 1487 787 Caio
1510 753 1527 780 ‚
1571 711 1640 770 in
1676 709 1933 770 irritum
1968 710 2374 787 reciderant3
2430 724 2644 773 tamen

655 799 1013 861 verendum
1050 800 1257 857 Bruto
1298 804 1435 853 erat
1460 834 1476 861 ‚
1531 812 1612 851 ne
1649 790 1762 873 qui
1797 811 1919 873 per
1951 789 2302 853 absentiam
2343 814 2514 853 auam
2553 795 2643 854 si-

294 890 627 943 BrueasBes.
657 881 844 941 miles
878 879 986 939 alii
1019 890 1230 936 motus
1258 872 1613 935 orirentur.
1687 876 1708 931 l
1759 872 1912 942 itur,
1957 872 2024 932 in
2049 872 2266 932 reditu
2291 894 2412 956 per
2435 874 2644 934 Thra-

276 975 366 1013 sos
401 960 591 1013 vincis.
656 962 853 1031 ciam,
899 960 1272 1040 regionem,
1319 974 1506 1035 quam
1550 953 1690 1013 sine
1717 892 1963 1014 {iberis
2012 952 2336 1015 decedens
2377 954 2643 1017 Sadalea

658 1044 903 1127 populo
936 1045 1222 1101 Romano
1254 1037 1649 1118 reliquerat,
1693 1035 1966 1113 recepit.
2013 1034 2166 1096 inde
2197 1037 2262 1097 in
2287 1036 2511 1097 Bessos
2541 1036 2644 1098 se-

660 1126 753 1186 eit
790 1121 1293 1205 expeditionem,
1336 1131 1407 1177 ut
1446 1116 1634 1177 simul
1674 1114 1993 1177 maleficia⁴
2026 1116 2258 1178 horum
2289 1116 2644 1199 ulciscere·-

659 1208 806 1275 tur‚
872 1218 935 1265 et
979 1202 1103 1263 sibi
1151 1220 1385 1260 nomen
1440 1196 1860 1279 Imperatoris
1905 1208 2199 1279 pararet,
2263 1213 2644 1261 ornamento

662 1301 854 1368 atque
892 1283 1155 1344 utilitati
1193 1281 1480 1342 futurum
1518 1277 1595 1337 ad
1631 1278 1868 1337 bellum
1892 1321 1909 1347 ,
1970 1278 2144 1362 quod
2176 1279 2301 1343 sibi
2331 1278 2645 1341 adversus

664 1370 1003 1429 Caesarem
1036 1376 1103 1423 et
1124 1359 1474 1423 Antonium
1505 1356 1641 1442 post
1671 1357 2026 1441 gerendum
2057 1360 2186 1421 ess'e
2217 1360 2497 1423 videbat.
2557 1364 2646 1423 Et

662 1448 849 1509 initia
888 1444 1151 1528 quidem
1185 1443 1345 1504 belli
1383 1442 1696 1502 adversus
1741 1441 1944 1501 feram
1987 1455 2054 1503 et
2095 1462 2448 1525 pugnacem
2481 1463 2642 1525 gen-

654 1540 795 1591 'tem
838 1527 1050 1611 paullo
1092 1525 1357 1585 duriora
1398 1523 1698 1583 fueruntz
1758 1521 1876 1583 sed
1913 1524 2176 1606 egregia
2215 1523 2642 1606 Rhascupoli-

662 1612 767 1671 dis
811 1629 1009 1692 opera
1048 1607 1363 1669 victorem
1388 1608 1664 1665 Brutum
1697 1602 1966 1686 votique
2003 1620 2370 1689 compotem
2405 1606 2586 1667 fecit.

786 1742 898 1805 lv.
958 1742 1171 1821 Atque
1212 1737 1309 1809 is,
1370 1750 1440 1798 ut
1477 1734 1744 1795 cauffam
1787 1756 1964 1795 suam
2003 1734 2197 1797 latius
2234 1736 2643 1797 commenda-

663 1837 803 1893 ret,
846 1822 1182 1904 pecuniam
1220 1818 1462 1902 signari
1497 1816 1648 1876 hinc
1685 1818 1961 1897 imagine
2003 1838 2114 1877 sua
2145 1818 2438 1895 jusserat,
2484 1817 2641 1879 inde

712 1906 876 1974 ileo,
940 1898 1263 1965 libertatis
1307 1899 1557 1969 indice,
1607 1910 1673 1958 et
1715 1896 1964 1961 duobus
2008 1898 2442 1981 pugionibus,
2495 1898 2642 1981 qui-

658 1927 783 2047 bus
836 2004 906 2047 se
960 1997 1150 2066 atque
1194 1982 1464 2043 Cass'ium
1511 1981 1575 2038 in
1619 1978 1984 2040 libertatem
2024 1978 2373 2041 adseruiss‘e
2409 1982 2644 2041 Roma-

659 2089 813 2129 num
852 2066 1196 2149 populum,
1246 2062 1496 2123 sublato
1531 2060 1832 2131 dominc,
1881 2058 2299 2132 sionificaret‚
2347 2076 2641 2147 tempore

662 2166 925 2235 quoque
975 2146 1077 2206 rei
1120 2142 1331 2227 gestae
1376 2144 1472 2203 sic
1514 2142 1878 2223 adscripto,
1963 2144 2091 2206 AD.
2129 2144 2398 2206 MART.

783 2279 868 2338 V.
928 2276 1177 2339 Omnes
1215 2274 1337 2355 jam
1382 2287 1562 2334 trans
1601 2292 1775 2333 mare
1811 2274 2183 2356 provincias
2227 2274 2291 2334 in
2329 2273 2638 2358 potestate

493 2410 556 2430 .,
656 2364 901 2421 Brutus
960 2372 1153 2440 atque
1203 2357 1444 2419 Caffius
1502 2353 1859 2414 habebant:
1927 2376 2142 2438 neque
2197 2356 2633 2417 tantummodo

656 2441 1043 2524 suppetebat
1084 2440 1287 2499 otium
1326 2435 1873 2498 communicandis
1914 2438 2242 2508 consiliis„
2291 2436 2404 2498 sed
2441 2438 2634 2499 etiam

653 2522 1090 2584 neceffitatem
1121 2517 1494 2601 imponebat
1521 2530 1776 2597 paratus
1802 2538 2032 2601 prope,
2081 2532 2147 2578 et
2171 2538 2318 2578 mox
2341 2521 2407 2579 in
2429 2520 2638 2580 Grae-

296 2616 425 2668 cam
446 2612 626 2665 cassio
652 2605 815 2666 ciam
864 2600 1339 2665 transmiss'urus
1390 2594 1610 2659 bostis.
1709 2600 1948 2681 Igitur,
2014 2600 2255 2661 Caffius
2292 2622 2330 2661 e
2369 2601 2634 2672 Cilicia,

268 2682 565 2737 “nultu-
648 2688 891 2745 Brutus
937 2704 972 2744 e
1004 2680 1383 2742 Macedonia
1423 2676 1748 2761 profecti,
1811 2680 2116 2761 Smyrnae
2163 2680 2236 2739 ad
2281 2681 2637 2753 ordinanda

622 2765 852 2827 ‘futuri
896 2764 1055 2825 belli
1104 2762 1373 2825 consilia
1420 2768 1762 2831 coierunt,
1830 2762 1912 2821 iis
1955 2760 2356 2843 pedestribus
2397 2762 2636 2823 navali·

558 2846 563 2853 ’
645 2845 901 2928 busque
944 2844 1192 2926 copiis,
1250 2858 1317 2905 et
1355 2842 1659 2923 adparatu
1693 2842 2043 2923 pecuniae,
2101 2856 2172 2903 ut
2213 2844 2474 2906 minime
2513 2844 2634 2903 ini-

636 2948 841 3009 ·pares
894 2926 973 2987 ad
1028 2924 1506 2985 decernendum
1559 2920 1640 2983 de
1675 2926 1964 2985 Romano
2009 2923 2288 3005 imperio
2331 2924 2635 2985 videren-

645 3022 775 3068 tur.
858 3006 1013 3067 Pari
1050 3005 1300 3067 honore
1344 3018 1411 3067 et
1448 3015 1624 3074 erat,
1687 3020 1752 3067 et
1788 3004 2014 3065 haberi
2060 3004 2318 3066 volebat
2353 3006 2634 3083 Cassius3

649 3086 767 3150 sed
803 3087 1037 3149 detulit
1076 3086 1153 3161 ei·
1171 3088 1453 3158 Brutus,
1499 3097 1570 3146 ut
1606 3086 1903 3149 erebrius
1945 3085 2022 3146 ad
2066 3106 2210 3145 eum
2249 3088 2629 3159 ventitaret,

646 3182 965 3253 tamquam
1002 3180 1208 3229 aetate
1244 3158 1592 3246 maiorem,
1654 3180 1720 3229 et
1759 3186 2040 3249 corpore
2077 3164 2248 3228 haud
2287 3188 2490 3251 aeque
2523 3187 2634 3229 va·

646 3249 871 3310 lidum.
1136 3256 1141 3262 '

290 3400 454 3455 ειη
470 3418 645 3473 2070·
766 3356 878 3443 Vi.
922 3382 1153 3463 Neque
1188 3377 1528 3441 disc'ess'um
1565 3400 1596 3441 a
1631 3378 1964 3463 prioribus
2003 3380 2231 3443 animis
2265 3396 2424 3453 erat,
2470 3381 2629 3465 quin

262 3472 622 3525 eunimaeeei-
646 3472 714 3520 et
744 3460 917 3522 tueri
954 3462 1221 3523 causs'am
1260 3475 1438 3521 suam
1476 3474 1899 3531 conarentur,
1945 3474 2008 3522 et
2037 3483 2164 3522 non
2195 3462 2324 3523 nisi
2358 3483 2634 3524 concor-

262 3538 374 3608 ρὰ.
644 3538 837 3601 dibus
872 3554 1104 3603 tantam
1143 3539 1538 3603 subeundam
1577 3542 1815 3602 molem
1843 3542 2106 3604 scirent.
2154 3542 2633 3627 adparebatque

450 3617 465 3644 ⁴
638 3620 806 3683 nibil
844 3622 972 3684 efl'e
1008 3624 1242 3685 melius
1266 3666 1283 3695 ‚
1330 3642 1517 3705 quam
1559 3636 1630 3684 ut
1667 3622 1736 3683 in
1767 3622 2208 3685 Macedoniam
2244 3645 2389 3686 cum
2421 3626 2631 3687 omni-

640 3702 766 3763 bus
807 3705 1017 3787 copiis
1056 3702 1674 3786 proficiscerentur,
1721 3704 2165 3787 propulsaturi
2203 3706 2476 3779 hostem,
2521 3722 2631 3770 aut

642 3782 985 3846 eess'antem
1006 3785 1266 3855 initalia
1284 3785 1679 3867 quaesituri3
1707 3804 1912 3868 penes
1931 3804 2120 3870 quem
2135 3787 2257 3869 jam
2275 3788 2402 3851 effe
2419 3788 2632 3871 legio-

715 3974 862 4043 Cap.
893 3973 998 4025 111.
1050 3972 1190 4027 Dio.
1242 3970 1370 4027 Liv.
1414 3971 1578 4044 Epit.
1631 3970 1769 4025 Dio.
1807 3972 1988 4045 =Cap.
2021 3974 2126 4029 lv.
2183 3972 2437 4046 Appian.
2487 3973 2632 4027 Dio.

639 4038 810 4111 Pigh.
846 4040 915 4095 ad
948 4050 1081 4093 ann.
1111 4058 1233 4106 7¹¹·
1306 4040 1389 4098 Ca
1437 4079 1453 4094 .
1487 4046 1560 4095 V.
1601 4039 1724 4094 Liv.
1751 4040 1908 4109 Epit.
1947 4040 2078 4095 Dio.
2116 4042 2246 4097 Liv.
2277 4043 2430 4116 Epit.
2469 4042 2629 4100 Plut.

640 4108 857 4165 Bruto.
898 4108 1158 4181 Appiam
1196 4106 1369 4171 civil.
1424 4147 1443 4165 .
1465 4112 1522 4178 4.
1557 4110 1709 4167 Plut.
1781 4112 1930 4183 cap.
1962 4108 2068 4169 vl.
2103 4111 2244 4167 Dio.
