2892 4684
617 203 705 268 m
745 202 1049 270 metm
1094 205 1262 268 ms.
1309 205 1591 271 cxxm.
1639 157 1873 274 mvn.
2125 207 2261 286 4⁶33·

271 416 393 501 pit.
479 417 609 480 Siti
648 432 794 479 sunt
827 418 894 480 in
926 417 1094 478 colle
1124 417 1440 500 Philippi,
1490 430 1821 500 totumque
1856 419 1923 480 id
1958 419 2257 502 spatium,
2320 417 2392 474 U.
2413 436 2468 474 c.
2488 435 2612 486 7¹⁰·

275 498 451 580 quod
486 500 556 559 in
591 517 838 562 summo
870 499 1210 584 panditur,
1259 514 1612 582 occupant,
1667 503 2039 586 praeruptis
2082 503 2259 564 circa
2320 487 2395 542 Α·
2422 490 2487 546 C·
2514 494 2607 560 4²·
2674 501 2697 534 ⁸

275 594 468 662 atque
504 582 836 644 inacceffis
877 581 1198 644 omnibus.
1280 581 1339 640 A
1391 579 1841 663 septentrione
1896 586 2095 646 saltus
2147 583 2261 644 ad-

275 659 524 742 jacent,
589 685 708 746 per
743 685 906 747 quos
940 661 1261 724 Cassianos
1299 661 1731 745 Rhascupolis
1774 663 1989 726 duxit:
2053 689 2085 727 a
2126 687 2263 726 me-

275 741 449 806 ridie
493 748 702 824 palus,
770 744 1006 806 deinde
1049 764 1226 804 mare
1267 744 1655 825 praecingit.
1740 746 1992 808 Versus
2040 747 2265 810 orien-

274 837 404 886 tem
437 828 828 910 Sapaeorum
859 826 1412 908 'Purpilorumque
1451 823 1769 908 angustiae
1810 827 2152 891 claudunt:
2198 843 2263 891 at:

278 907 680 971 occidentale
733 909 896 969 latus
942 921 1237 993 patentes
1285 928 1549 990 campos
1596 911 1958 991 prospicit,
2028 912 2137 995 qui
2182 911 2262 972 ad

273 989 636 1052 Murcinum
679 991 1236 1070 Drabiscumque,
1285 1003 1352 1049 et
1390 988 1655 1050 fluvium
1701 991 2037 1071 Strymona
2064 1035 2081 1062 ,
2139 996 2263 1074 per

273 1086 550 1211 {luatuor
591 1086 656 1132 et
698 1073 1118 1155 quadraginta
1155 1072 1355 1133 millia
1395 1071 1675 1152 paffuum
1717 1071 1957 1134 declivi
1992 1075 2261 1158 planitie

312 1155 678 1220 unduntur,
740 1155 1129 1215 amoenitate
1171 1167 1232 1215 et
1271 1152 1613 1238 ser-tilitatc
1650 1167 1771 1214 tam
1812 1153 2146 1237 insignes,
2190 1169 2265 1218 ut

272 1230 558 1296 fecerint
601 1236 838 1298 sabulis
874 1237 1108 1298 locum.
1195 1239 1352 1298 Nam
1413 1249 1477 1295 et
1528 1234 1679 1296 huic
1730 1236 1989 1317 regioni
2039 1249 2263 1319 raptus

272 1315 670 1390 adscribitur
718 1319 1194 1401 Proserpinae,
1260 1315 1665 1398 trahiturque
1708 1317 1773 1376 in
1816 1331 2265 1399 argumentum

273 1399 586 1479 Zygactes
636 1401 878 1472 amnis,
937 1400 1090 1460 inde
1135 1399 1390 1460 scilicet
1433 1396 1707 1479 adeptus
1752 1419 2027 1470 nomen,
2088 1397 2267 1482 quod.

273 1479 341 1540 in
385 1479 655 1556 trajectu
691 1481 864 1558 ejus,
919 1481 1073 1562 jugo
1112 1481 1446 1560 disrupto,
1512 1477 1757 1540 fractus
1795 1480 2081 1560 raptoris
2115 1499 2264 1540 cur-

273 1581 388 1620 rus
420 1561 638 1622 fuerit.
729 1563 817 1621 Hi
861 1577 1008 1622 sunt
1037 1560 1364 1643 Philippi,
1419 1558 1531 1619 ubi
1568 1563 1651 1618 M.
1684 1563 1925 1620 Brutus
1960 1574 2152 1643 atque
2186 1562 2263 1622 C.

275 1641 518 1704 Cass'ius
577 1643 731 1704 victi
789 1657 974 1706 sunt:
1043 1641 1410 1726 longiss'imo
1469 1639 1774 1723 dirempti
1832 1642 2177 1702 intervallo
2229 1663 2267 1704 a

271 1721 601 1806 Philippis
635 1725 989 1786 'l'heffaliae
1013 1767 1030 1794 ,
1090 1745 1254 1822 quos
1295 1743 1436 1783 cum
1473 1722 1575 1782 bis
1608 1721 1943 1783 Thracicis
1984 1723 2267 1806 scripto-

269 1825 384 1867 res
417 1805 674 1887 quidam
713 1808 874 1870 mira
913 1821 1265 1870 securitate
1307 1803 1765 1888 confuderunt.
1852 1805 2071 1886 Prope
2115 1825 2264 1865 eos-

272 1887 420 1948 dem
457 1887 800 1970 Philippos
837 1889 1000 1950 alius
1040 1907 1300 1970 quoque
1340 1886 1621 1947 tumulus
1652 1883 1760 1957 est,
1807 1905 1839 1944 a
1870 1885 2115 1948 Libero
2150 1907 2264 1967 pa-

272 1984 379 2030 tre
429 1969 820 2052 adpellatus,
882 1970 952 2033 in
1001 1991 1128 2054 quo
1181 1982 1329 2030 sunt
1380 1966 1673 2029 aurariae
1720 1964 2009 2028 fodinae.
2094 1966 2265 2050 Assda

273 2065 610 2114 vocantur.

395 2205 654 2266 xxxu.
703 2204 834 2270 Sed
870 2204 949 2267 ad
977 2205 1262 2288 pass‘uum
1283 2206 1495 2268 ferme
1539 2205 1667 2268 duo
1708 2205 1911 2268 millia
1949 2203 2263 2268 ducentos
2324 2211 2607 2268 vassus-§s

270 2309 304 2348 a
324 2283 652 2371 Philippis
672 2288 1056 2374 procedenti
1079 2285 1208 2349 duo
1225 2288 1334 2348 alii
1357 2288 1561 2350 colles
1588 2299 1961 2360 occurrunt,
1982 2287 2259 2350 invicem
2288 2297 2534 2356 perquam
2549 2297 2639 2352 ⁰1¹·

271 2369 452 2430 mille
492 2371 771 2453 pass'ibus
813 2371 1082 2432 discreti
1109 2413 1124 2436 .
1191 2367 1535 2436 ubtcaflra
1572 2369 1821 2432 diversi
1859 2385 2257 2452 posuerunt,
2288 2365 2568 2423 P⁰'‘¹‘⁸¹‘⁸·

271 2450 512 2514 Cassius
547 2453 610 2512 in
643 2452 1015 2525 meridiem,
1061 2455 1304 2514 Brutus
1342 2453 1408 2513 in
1441 2453 1926 2535 septentriones
1963 2467 2263 2534 spectan-

269 2549 399 2595 tem
450 2538 762 2596 tumulum
815 2536 984 2597 vallo
1037 2549 1453 2617 occupantes.
1540 2538 1673 2596 Nec
1717 2534 1881 2596 ultra
1918 2533 2263 2596 cedentem

271 2633 416 2676 cum
447 2615 722 2677 Julianis
749 2617 1118 2678 Norbanum
1155 2615 1509 2700 insequuti,
1556 2615 1909 2678 Antonium
1945 2616 2111 2678 locis
2143 2635 2261 2699 op-

268 2695 740 2778 portuniss'imis
781 2699 1076 2779 opperiri
1117 2697 1605 2783 constituerunt.
1706 2703 2031 2778 Namque,
2098 2700 2260 2758 Cae-

271 2795 416 2837 sare
458 2776 849 2839 valetudinis
897 2779 1100 2850 causs'a
1127 2778 1516 2859 Dyrrhachii
1562 2779 1837 2848 relicte,
1884 2779 2041 2838 mira
2082 2779 2255 2840 cele-

271 2858 466 2920 ritate
518 2857 822 2920 advolare
867 2861 1186 2920 Antonius
1238 2861 1611 2922 dicebatur:
1678 2880 1800 2921 nec
1844 2860 2055 2940 optari
2098 2860 2261 2921 situs

271 2937 678 3001 commodior
713 2939 1018 3002 Caffianis
1053 2955 1332 3023 poterat.
1386 2944 1525 3002 sive
1565 2942 1735 3001 enim
1773 2941 2027 3023 proelio
2062 2960 2261 3023 cupe-

239 3026 416 3082 ’rent
440 3023 776 3101 congredi,
827 3035 1118 3106 patentes
1145 3024 1349 3106 campi
1376 3022 1717 3084 suberant:
1764 3023 1901 3082 sive
1937 3019 2154 3082 castris
2186 3042 2259 3084 se

264 3117 534 3172 tenere,
580 3105 741 3165 locis
778 3103 1376 3186 munitionibusque
1413 3103 1951 3165 defendebantur.
1994 3151 1999 3158 .
2039 3104 2259 3165 Colles

265 3184 396 3267 ipsi
443 3183 754 3248 difficiles
792 3185 1107 3247 adscensu
1153 3201 1368 3247 erant:
1431 3199 1497 3246 et
1539 3187 1615 3245 ab
1654 3187 1860 3246 altero
1900 3185 2103 3246 latere
2146 3209 2261 3267 pa-

265 3265 554 3336 ludibus,
599 3269 676 3328 ab
707 3269 912 3328 altero
944 3267 1284 3348 imperviis
1309 3268 1776 3350 inaccessisque
1804 3265 2094 3327 faucibus
2117 3270 2256 3328 cin-

270 3346 605 3426 gebantur.
689 3349 974 3410 Medium
1021 3350 1195 3409 inter
1229 3361 1545 3432 utrosque
1586 3349 1859 3432 spatium
1898 3350 2255 3410 necessario

271 3429 734 3490 transeundum
779 3445 916 3492 erat
954 3431 1170 3492 Asiam
1217 3451 1295 3491 ex
1325 3433 1589 3514 Europa
1624 3428 2032 3512 petentibus:
2080 3431 2259 3513 quod

264 3522 542 3592 propter
592 3513 1005 3592 exiguitatem
1053 3511 1264 3574 claudi
1313 3513 1492 3574 velut
1532 3526 1719 3596 porta
1762 3509 2028 3594 quadam
2068 3523 2260 3594 'pote-

264 3604 388 3652 rat.
473 3597 612 3654 Nec
659 3595 1018 3656 omiserunt
1052 3595 1360 3670 Cass'iani3
1423 3593 1578 3665 sed,
1638 3607 2077 3656 transversum
2119 3615 2259 3654 mu-

266 3693 408 3733 rum
447 3673 796 3760 foss'amque
829 3675 1140 3739 ducentes
1177 3700 1211 3737 a
1240 3676 1412 3740 vallo
1446 3675 1523 3737 ad
1562 3677 1828 3746 vallum,
1890 3673 2143 3736 relictis
2189 3676 2255 3737 in
2294 3705 2301 3710 ·

263 3754 482 3817 medio
520 3759 730 3840 portis
751 3801 766 3832 ,
815 3759 902 3820 ita
935 3759 1398 3838 conjunxerant
1429 3757 1660 3831 castra,
1710 3771 1779 3821 ut
1810 3757 2255 3821 communibus

336 3945 478 4014 Cap.
511 3945 718 4000 XXXI.
756 3945 1010 4000 Diodor.
1044 3945 1087 3998 l.
1123 3949 1204 4003 16.
1247 3947 1503 4022 Appian.
1539 3945 1771 4016 Lipsius
1808 3943 1883 3998 ad
1910 3946 2063 4000 Vell.
2086 3964 2251 4010 2,¹7o.

265 4009 496 4070 Buaeus
529 4013 600 4066 ad
635 4014 802 4088 virg.
839 4015 1059 4086 Georg.
1099 4035 1147 4082 t,
1179 4021 1302 4084 400.
1378 4019 1519 4088 Cap.
1548 4016 1775 4070 xxxu.
1820 4015 2071 4087 Appian.
2110 4010 2249 4073 Dio.
2342 4025 2363 4040 “

263 4079 418 4138 Plut.
452 4082 710 4162 Appiae.
749 4085 1212 4162 Joseph.Anti‹1.
1240 4089 1322 4160 14,
1345 4103 1434 4143 υ.
1474 4083 1613 4144 Dio.
1652 4083 1909 4158 Appiani.
