<?xml version="1.0" encoding="UTF-8"?>
<!DOCTYPE html PUBLIC "-//W3C//DTD XHTML 1.0 Transitional//EN"
    "http://www.w3.org/TR/xhtml1/DTD/xhtml1-transitional.dtd">
<html xmlns="http://www.w3.org/1999/xhtml" xml:lang="en" lang="en">
 <head>
  <title>
</title>
<meta http-equiv="Content-Type" content="text/html;charset=utf-8" />
  <meta name='ocr-system' content='tesseract 3.04.00' />
  <meta name='ocr-capabilities' content='ocr_page ocr_carea ocr_par ocr_line ocrx_word'/>
</head>
<body>
  <div class='ocr_page' id='page_1' title='image "./tliviipatavinih25unkngoog_0762.png"; bbox 0 0 2892 4684; ppageno 0'>
   <div class='ocr_carea' id='block_1_1' title="bbox 255 1533 567 1667">
    <p class='ocr_par' dir='ltr' id='par_1_1' title="bbox 255 1533 567 1667">
     <span class='ocr_line' id='line_1_1' title="bbox 255 1533 567 1667; baseline 0.019 -11"><span class='ocrx_word' id='word_1_1' title='bbox 255 1533 327 1657; x_wconf 62' lang='grc' dir='ltr'><strong>Χῖ</strong></span> <span class='ocrx_word' id='word_1_2' title='bbox 350 1551 418 1659; x_wconf 70' lang='grc' dir='ltr'><strong>οἱ</strong></span> <span class='ocrx_word' id='word_1_3' title='bbox 443 1535 567 1667; x_wconf 62' lang='grc' dir='ltr'><strong>Ξέξ·</strong></span> 
     </span>
    </p>
   </div>
   <div class='ocr_carea' id='block_1_2' title="bbox 230 1697 544 1819">
    <p class='ocr_par' dir='ltr' id='par_1_2' title="bbox 230 1697 544 1819">
     <span class='ocr_line' id='line_1_2' title="bbox 257 1697 476 1751; baseline 0.014 -3"><span class='ocrx_word' id='word_1_4' title='bbox 257 1697 476 1751; x_wconf 72' lang='lat' dir='ltr'><strong>Bellum</strong></span> 
     </span>
     <span class='ocr_line' id='line_1_3' title="bbox 230 1767 544 1819; baseline 0.003 -2"><span class='ocrx_word' id='word_1_5' title='bbox 230 1767 544 1819; x_wconf 65' lang='lat' dir='ltr'><strong>nnciam</strong></span> 
     </span>
    </p>
   </div>
   <div class='ocr_carea' id='block_1_3' title="bbox 223 1833 564 1892">
    <p class='ocr_par' dir='ltr' id='par_1_3' title="bbox 223 1833 564 1892">
     <span class='ocr_line' id='line_1_4' title="bbox 223 1833 564 1892; baseline 0.012 -5"><span class='ocrx_word' id='word_1_6' title='bbox 223 1833 295 1888; x_wconf 79' lang='lat'><strong>1..</strong></span> <span class='ocrx_word' id='word_1_7' title='bbox 330 1833 564 1892; x_wconf 71' lang='lat' dir='ltr'><strong>Pisonis.</strong></span> 
     </span>
    </p>
   </div>
   <div class='ocr_carea' id='block_1_4' title="bbox 857 931 2291 1055">
    <p class='ocr_par' dir='ltr' id='par_1_4' title="bbox 857 931 2291 1055">
     <span class='ocr_line' id='line_1_5' title="bbox 857 931 2291 1055; baseline -0.003 0"><span class='ocrx_word' id='word_1_8' title='bbox 857 931 1427 1055; x_wconf 47' lang='lat' dir='ltr'><strong>JOHANN&#39;IS</strong></span> <span class='ocrx_word' id='word_1_9' title='bbox 1526 977 2291 1052; x_wconf 70' lang='lat' dir='ltr'><strong>rnmmsnamn</strong></span> 
     </span>
    </p>
   </div>
   <div class='ocr_carea' id='block_1_5' title="bbox 691 1154 2427 1400">
    <p class='ocr_par' dir='ltr' id='par_1_5' title="bbox 691 1154 2427 1400">
     <span class='ocr_line' id='line_1_6' title="bbox 691 1154 2427 1227; baseline 0.002 -4"><span class='ocrx_word' id='word_1_10' title='bbox 691 1154 1408 1226; x_wconf 72' lang='lat' dir='ltr'><strong>svrrmmmromm</strong></span> <span class='ocrx_word' id='word_1_11' title='bbox 1462 1167 1945 1227; x_wconf 75' lang='lat' dir='ltr'><strong>uvnmontm</strong></span> <span class='ocrx_word' id='word_1_12' title='bbox 1995 1168 2220 1224; x_wconf 72' lang='lat' dir='ltr'><strong>unm</strong></span> <span class='ocrx_word' id='word_1_13' title='bbox 2264 1169 2427 1227; x_wconf 84' lang='lat' dir='ltr'><strong>cm.</strong></span> 
     </span>
     <span class='ocr_line' id='line_1_7' title="bbox 805 1289 2349 1400; baseline 0.001 -7"><span class='ocrx_word' id='word_1_14' title='bbox 805 1332 894 1396; x_wconf 78' lang='lat' dir='ltr'>m</span> <span class='ocrx_word' id='word_1_15' title='bbox 935 1329 1240 1398; x_wconf 74' lang='lat' dir='ltr'><strong>Locum</strong></span> <span class='ocrx_word' id='word_1_16' title='bbox 1281 1331 1517 1394; x_wconf 75' lang='lat' dir='ltr'><strong>Lmffl</strong></span> <span class='ocrx_word' id='word_1_17' title='bbox 1560 1289 1968 1400; x_wconf 60' lang='lat' dir='ltr'><strong>cxrxvm.</strong></span> <span class='ocrx_word' id='word_1_18' title='bbox 2012 1333 2088 1395; x_wconf 76' lang='lat' dir='ltr'><strong>r.</strong></span> <span class='ocrx_word' id='word_1_19' title='bbox 2122 1329 2349 1399; x_wconf 78' lang='lat' dir='ltr'><strong>mvn.</strong></span> 
     </span>
    </p>
   </div>
   <div class='ocr_carea' id='block_1_6' title="bbox 592 1558 2583 2620">
    <p class='ocr_par' dir='ltr' id='par_1_6' title="bbox 592 1558 2583 2620">
     <span class='ocr_line' id='line_1_8' title="bbox 717 1558 2583 1648; baseline -0.002 -24"><span class='ocrx_word' id='word_1_20' title='bbox 717 1558 767 1624; x_wconf 84' lang='lat'><strong>1.</strong></span> <span class='ocrx_word' id='word_1_21' title='bbox 801 1558 934 1624; x_wconf 84' lang='lat' dir='ltr'><strong>sub</strong></span> <span class='ocrx_word' id='word_1_22' title='bbox 962 1561 1134 1626; x_wconf 80' lang='lat' dir='ltr'><strong>idem</strong></span> <span class='ocrx_word' id='word_1_23' title='bbox 1161 1576 1413 1648; x_wconf 79' lang='lat' dir='ltr'><strong>tempus</strong></span> <span class='ocrx_word' id='word_1_24' title='bbox 1443 1564 1673 1647; x_wconf 83' lang='lat' dir='ltr'><strong>ingens</strong></span> <span class='ocrx_word' id='word_1_25' title='bbox 1692 1563 1761 1624; x_wconf 89' lang='lat' dir='ltr'><strong>in</strong></span> <span class='ocrx_word' id='word_1_26' title='bbox 1780 1562 2053 1624; x_wconf 84' lang='lat' dir='ltr'><strong>Thracia</strong></span> <span class='ocrx_word' id='word_1_27' title='bbox 2086 1561 2324 1624; x_wconf 85' lang='lat' dir='ltr'><strong>bellum</strong></span> <span class='ocrx_word' id='word_1_28' title='bbox 2360 1559 2583 1622; x_wconf 72' lang='lat' dir='ltr'><strong>finem</strong></span> 
     </span>
     <span class='ocr_line' id='line_1_9' title="bbox 599 1641 2579 1730; baseline -0.002 -24"><span class='ocrx_word' id='word_1_29' title='bbox 599 1643 891 1726; x_wconf 80' lang='lat' dir='ltr'><strong>adcepit=</strong></span> <span class='ocrx_word' id='word_1_30' title='bbox 936 1643 1131 1729; x_wconf 85' lang='lat' dir='ltr'><strong>quod,</strong></span> <span class='ocrx_word' id='word_1_31' title='bbox 1183 1645 1469 1708; x_wconf 84' lang='lat' dir='ltr'><strong>triennio</strong></span> <span class='ocrx_word' id='word_1_32' title='bbox 1502 1643 1735 1730; x_wconf 81' lang='lat' dir='ltr'><strong>gestum</strong></span> <span class='ocrx_word' id='word_1_33' title='bbox 1766 1665 1799 1704; x_wconf 84' lang='lat' dir='ltr'><strong>a</strong></span> <span class='ocrx_word' id='word_1_34' title='bbox 1828 1646 1904 1705; x_wconf 84' lang='lat' dir='ltr'><strong>L.</strong></span> <span class='ocrx_word' id='word_1_35' title='bbox 1935 1646 2195 1716; x_wconf 80' lang='lat' dir='ltr'>Pisone,</span> <span class='ocrx_word' id='word_1_36' title='bbox 2240 1641 2341 1703; x_wconf 80' lang='lat' dir='ltr'><strong>his</strong></span> <span class='ocrx_word' id='word_1_37' title='bbox 2370 1661 2579 1702; x_wconf 81' lang='lat' dir='ltr'><strong>caus-</strong></span> 
     </span>
     <span class='ocr_line' id='line_1_10' title="bbox 597 1723 2583 1810; baseline -0.002 -24"><span class='ocrx_word' id='word_1_38' title='bbox 597 1726 690 1786; x_wconf 84' lang='lat' dir='ltr'><strong>sis</strong></span> <span class='ocrx_word' id='word_1_39' title='bbox 733 1739 1081 1786; x_wconf 77' lang='lat' dir='ltr'><strong>exarserat.</strong></span> <span class='ocrx_word' id='word_1_40' title='bbox 1167 1727 1608 1810; x_wconf 85' lang='lat' dir='ltr'><strong>Vologaeses,</strong></span> <span class='ocrx_word' id='word_1_41' title='bbox 1652 1725 1911 1787; x_wconf 87' lang='lat' dir='ltr'><strong>natione</strong></span> <span class='ocrx_word' id='word_1_42' title='bbox 1957 1726 2203 1797; x_wconf 63' lang='lat' dir='ltr'><strong>Bellus,</strong></span> <span class='ocrx_word' id='word_1_43' title='bbox 2250 1723 2583 1784; x_wconf 67' lang='lat' dir='ltr'><strong>sacerdo·</strong></span> 
     </span>
     <span class='ocr_line' id='line_1_11' title="bbox 592 1803 2577 1890; baseline -0.002 -23"><span class='ocrx_word' id='word_1_44' title='bbox 592 1803 858 1879; x_wconf 83' lang='lat' dir='ltr'><strong>Bacchi,</strong></span> <span class='ocrx_word' id='word_1_45' title='bbox 902 1819 968 1866; x_wconf 84' lang='lat' dir='ltr'><strong>et</strong></span> <span class='ocrx_word' id='word_1_46' title='bbox 999 1805 1082 1868; x_wconf 86' lang='lat' dir='ltr'><strong>oh</strong></span> <span class='ocrx_word' id='word_1_47' title='bbox 1115 1809 1533 1890; x_wconf 82' lang='lat' dir='ltr'><strong>praecipuum</strong></span> <span class='ocrx_word' id='word_1_48' title='bbox 1560 1807 1696 1888; x_wconf 83' lang='lat' dir='ltr'><strong>ejus</strong></span> <span class='ocrx_word' id='word_1_49' title='bbox 1736 1805 2016 1866; x_wconf 87' lang='lat' dir='ltr'><strong>numinis</strong></span> <span class='ocrx_word' id='word_1_50' title='bbox 2051 1807 2289 1867; x_wconf 85' lang='lat' dir='ltr'><strong>cultum</strong></span> <span class='ocrx_word' id='word_1_51' title='bbox 2332 1825 2577 1886; x_wconf 67' lang='lat' dir='ltr'><strong>magna</strong></span> 
     </span>
     <span class='ocr_line' id='line_1_12' title="bbox 593 1886 2577 1970; baseline -0.001 -22"><span class='ocrx_word' id='word_1_52' title='bbox 593 1887 768 1948; x_wconf 86' lang='lat' dir='ltr'><strong>inter</strong></span> <span class='ocrx_word' id='word_1_53' title='bbox 795 1886 1142 1969; x_wconf 74' lang='lat' dir='ltr'><strong>populares</strong></span> <span class='ocrx_word' id='word_1_54' title='bbox 1175 1890 1579 1960; x_wconf 87' lang='lat' dir='ltr'><strong>auctoritate,</strong></span> <span class='ocrx_word' id='word_1_55' title='bbox 1625 1888 1845 1970; x_wconf 85' lang='lat' dir='ltr'><strong>specie</strong></span> <span class='ocrx_word' id='word_1_56' title='bbox 1884 1887 2273 1968; x_wconf 78' lang='lat' dir='ltr'><strong>religionum</strong></span> <span class='ocrx_word' id='word_1_57' title='bbox 2308 1887 2577 1946; x_wconf 64' lang='lat' dir='ltr'><strong>animos</strong></span> 
     </span>
     <span class='ocr_line' id='line_1_13' title="bbox 597 1966 2576 2053; baseline -0.001 -24"><span class='ocrx_word' id='word_1_58' title='bbox 597 1968 675 2029; x_wconf 85' lang='lat' dir='ltr'><strong>ad</strong></span> <span class='ocrx_word' id='word_1_59' title='bbox 723 1987 940 2029; x_wconf 86' lang='lat' dir='ltr'><strong>rerum</strong></span> <span class='ocrx_word' id='word_1_60' title='bbox 981 1987 1288 2030; x_wconf 81' lang='lat' dir='ltr'><strong>novarum</strong></span> <span class='ocrx_word' id='word_1_61' title='bbox 1333 1970 1747 2053; x_wconf 82' lang='lat' dir='ltr'><strong>cupiditatem</strong></span> <span class='ocrx_word' id='word_1_62' title='bbox 1784 1966 2302 2030; x_wconf 82' lang='lat' dir='ltr'><strong>inflammaverat.</strong></span> <span class='ocrx_word' id='word_1_63' title='bbox 2390 1969 2576 2028; x_wconf 81' lang='lat' dir='ltr'><strong>Coa-</strong></span> 
     </span>
     <span class='ocr_line' id='line_1_14' title="bbox 595 2047 2575 2133; baseline -0.002 -20"><span class='ocrx_word' id='word_1_64' title='bbox 595 2063 695 2112; x_wconf 84' lang='lat' dir='ltr'><strong>cta</strong></span> <span class='ocrx_word' id='word_1_65' title='bbox 729 2047 933 2132; x_wconf 86' lang='lat' dir='ltr'><strong>igitur</strong></span> <span class='ocrx_word' id='word_1_66' title='bbox 982 2070 1203 2132; x_wconf 82' lang='lat' dir='ltr'><strong>magna</strong></span> <span class='ocrx_word' id='word_1_67' title='bbox 1248 2064 1314 2112; x_wconf 87' lang='lat' dir='ltr'><strong>et</strong></span> <span class='ocrx_word' id='word_1_68' title='bbox 1355 2065 1624 2133; x_wconf 83' lang='lat' dir='ltr'><strong>propter</strong></span> <span class='ocrx_word' id='word_1_69' title='bbox 1674 2052 1963 2112; x_wconf 87' lang='lat' dir='ltr'><strong>Deorum</strong></span> <span class='ocrx_word' id='word_1_70' title='bbox 2013 2049 2331 2110; x_wconf 88' lang='lat' dir='ltr'><strong>creditum</strong></span> <span class='ocrx_word' id='word_1_71' title='bbox 2374 2049 2575 2110; x_wconf 74' lang='lat' dir='ltr'><strong>favo-</strong></span> 
     </span>
     <span class='ocr_line' id='line_1_15' title="bbox 593 2129 2573 2212; baseline -0.001 -20"><span class='ocrx_word' id='word_1_72' title='bbox 593 2151 734 2192; x_wconf 81' lang='lat' dir='ltr'><strong>rem</strong></span> <span class='ocrx_word' id='word_1_73' title='bbox 770 2129 1057 2212; x_wconf 83' lang='lat' dir='ltr'><strong>projecta</strong></span> <span class='ocrx_word' id='word_1_74' title='bbox 1093 2130 1170 2191; x_wconf 85' lang='lat' dir='ltr'><strong>ad</strong></span> <span class='ocrx_word' id='word_1_75' title='bbox 1196 2131 1553 2192; x_wconf 85' lang='lat' dir='ltr'><strong>audendum</strong></span> <span class='ocrx_word' id='word_1_76' title='bbox 1592 2152 1801 2204; x_wconf 85' lang='lat' dir='ltr'><strong>manu,</strong></span> <span class='ocrx_word' id='word_1_77' title='bbox 1847 2145 2295 2193; x_wconf 87' lang='lat' dir='ltr'><strong>occurrentem</strong></span> <span class='ocrx_word' id='word_1_78' title='bbox 2330 2129 2407 2190; x_wconf 86' lang='lat' dir='ltr'><strong>ad</strong></span> <span class='ocrx_word' id='word_1_79' title='bbox 2436 2129 2573 2190; x_wconf 83' lang='lat' dir='ltr'><strong>ini·</strong></span> 
     </span>
     <span class='ocr_line' id='line_1_16' title="bbox 593 2209 2569 2294; baseline -0.002 -21"><span class='ocrx_word' id='word_1_80' title='bbox 593 2213 684 2273; x_wconf 82' lang='lat' dir='ltr'><strong>tia</strong></span> <span class='ocrx_word' id='word_1_81' title='bbox 735 2226 1020 2272; x_wconf 85' lang='lat' dir='ltr'><strong>motuum</strong></span> <span class='ocrx_word' id='word_1_82' title='bbox 1072 2209 1264 2273; x_wconf 80' lang='lat' dir='ltr'><strong>exstin</strong></span> <span class='ocrx_word' id='word_1_83' title='bbox 1315 2213 1521 2274; x_wconf 82' lang='lat' dir='ltr'><strong>uenda</strong></span> <span class='ocrx_word' id='word_1_84' title='bbox 1574 2213 1789 2292; x_wconf 81' lang='lat' dir='ltr'><strong>Cotyis</strong></span> <span class='ocrx_word' id='word_1_85' title='bbox 1840 2211 2039 2272; x_wconf 84' lang='lat' dir='ltr'><strong>filium</strong></span> <span class='ocrx_word' id='word_1_86' title='bbox 2091 2210 2569 2294; x_wconf 79' lang='lat' dir='ltr'><strong>Rhascyporim</strong></span> 
     </span>
     <span class='ocr_line' id='line_1_17' title="bbox 597 2233 2567 2378; baseline -0.001 -26"><span class='ocrx_word' id='word_1_87' title='bbox 597 2293 854 2376; x_wconf 81' lang='lat' dir='ltr'><strong>proelio</strong></span> <span class='ocrx_word' id='word_1_88' title='bbox 891 2292 1068 2363; x_wconf 79' lang='lat' dir='ltr'><strong>vicit,</strong></span> <span class='ocrx_word' id='word_1_89' title='bbox 1116 2233 1506 2378; x_wconf 57' lang='lat' dir='ltr'><strong>occiffitque.</strong></span> <span class='ocrx_word' id='word_1_90' title='bbox 1570 2314 1717 2353; x_wconf 87' lang='lat' dir='ltr'><strong>mox</strong></span> <span class='ocrx_word' id='word_1_91' title='bbox 1758 2307 2034 2355; x_wconf 84' lang='lat' dir='ltr'><strong>tutorem</strong></span> <span class='ocrx_word' id='word_1_92' title='bbox 2072 2293 2210 2370; x_wconf 82' lang='lat' dir='ltr'><strong>ejus</strong></span> <span class='ocrx_word' id='word_1_93' title='bbox 2254 2313 2327 2353; x_wconf 87' lang='lat' dir='ltr'><strong>ac</strong></span> <span class='ocrx_word' id='word_1_94' title='bbox 2362 2311 2567 2352; x_wconf 78' lang='lat' dir='ltr'><strong>avun-</strong></span> 
     </span>
     <span class='ocr_line' id='line_1_18' title="bbox 597 2371 2559 2468; baseline -0.001 -35"><span class='ocrx_word' id='word_1_95' title='bbox 597 2374 810 2434; x_wconf 80' lang='lat' dir='ltr'><strong>culum</strong></span> <span class='ocrx_word' id='word_1_96' title='bbox 847 2371 1366 2446; x_wconf 82' lang='lat' dir='ltr'><strong>Rhoemetalcen,</strong></span> <span class='ocrx_word' id='word_1_97' title='bbox 1413 2397 1495 2436; x_wconf 88' lang='lat' dir='ltr'><strong>ne</strong></span> <span class='ocrx_word' id='word_1_98' title='bbox 1531 2375 1787 2457; x_wconf 85' lang='lat' dir='ltr'><strong>proelio</strong></span> <span class='ocrx_word' id='word_1_99' title='bbox 1827 2375 2123 2458; x_wconf 87' lang='lat' dir='ltr'><strong>quidem,</strong></span> <span class='ocrx_word' id='word_1_100' title='bbox 2172 2373 2287 2435; x_wconf 85' lang='lat' dir='ltr'><strong>sed</strong></span> <span class='ocrx_word' id='word_1_101' title='bbox 2330 2393 2559 2468; x_wconf 71' lang='lat' dir='ltr'><strong>super-</strong></span> 
     </span>
     <span class='ocr_line' id='line_1_19' title="bbox 593 2453 2547 2536; baseline -0.002 -20"><span class='ocrx_word' id='word_1_102' title='bbox 593 2453 869 2523; x_wconf 78' lang='lat' dir='ltr'><strong>stitione,</strong></span> <span class='ocrx_word' id='word_1_103' title='bbox 915 2456 1236 2536; x_wconf 84' lang='lat' dir='ltr'><strong>perculsis</strong></span> <span class='ocrx_word' id='word_1_104' title='bbox 1267 2457 1610 2529; x_wconf 87' lang='lat' dir='ltr'><strong>mentibus,</strong></span> <span class='ocrx_word' id='word_1_105' title='bbox 1658 2459 1949 2516; x_wconf 83' lang='lat' dir='ltr'><strong>exercitu</strong></span> <span class='ocrx_word' id='word_1_106' title='bbox 1979 2455 2211 2516; x_wconf 82' lang='lat' dir='ltr'><strong>nudat=</strong></span> <span class='ocrx_word' id='word_1_107' title='bbox 2259 2455 2547 2514; x_wconf 75' lang='lat' dir='ltr'><strong>omnibus</strong></span> 
     </span>
     <span class='ocr_line' id='line_1_20' title="bbox 595 2531 2559 2620; baseline -0.001 -25"><span class='ocrx_word' id='word_1_108' title='bbox 595 2555 764 2606; x_wconf 87' lang='lat' dir='ltr'><strong>eum,</strong></span> <span class='ocrx_word' id='word_1_109' title='bbox 809 2554 890 2595; x_wconf 86' lang='lat' dir='ltr'><strong>ne</strong></span> <span class='ocrx_word' id='word_1_110' title='bbox 929 2548 1150 2595; x_wconf 87' lang='lat' dir='ltr'><strong>contra</strong></span> <span class='ocrx_word' id='word_1_111' title='bbox 1173 2537 1381 2596; x_wconf 87' lang='lat' dir='ltr'><strong>Deum</strong></span> <span class='ocrx_word' id='word_1_112' title='bbox 1415 2531 1703 2620; x_wconf 82' lang='lat' dir='ltr'><strong>&#39;pugnare</strong></span> <span class='ocrx_word' id='word_1_113' title='bbox 1738 2537 2138 2607; x_wconf 80' lang='lat' dir='ltr'><strong>viderentur,</strong></span> <span class='ocrx_word' id='word_1_114' title='bbox 2184 2536 2559 2618; x_wconf 84' lang='lat' dir='ltr'><strong>relinquen·</strong></span> 
     </span>
    </p>
   </div>
   <div class='ocr_carea' id='block_1_7' title="bbox 524 2615 2559 2701">
    <p class='ocr_par' dir='ltr' id='par_1_7' title="bbox 524 2615 2559 2701">
     <span class='ocr_line' id='line_1_21' title="bbox 524 2615 2559 2701; baseline -0.001 -25"><span class='ocrx_word' id='word_1_115' title='bbox 524 2655 528 2658; x_wconf 91' lang='lat'><em>-</em></span> <span class='ocrx_word' id='word_1_116' title='bbox 593 2617 789 2679; x_wconf 83' lang='lat' dir='ltr'><strong>tibus.</strong></span> <span class='ocrx_word' id='word_1_117' title='bbox 874 2615 1256 2697; x_wconf 78' lang='lat' dir='ltr'><strong>Fugientem</strong></span> <span class='ocrx_word' id='word_1_118' title='bbox 1289 2617 1442 2678; x_wconf 88' lang='lat' dir='ltr'><strong>inde</strong></span> <span class='ocrx_word' id='word_1_119' title='bbox 1480 2638 1674 2701; x_wconf 80' lang='lat' dir='ltr'><strong>perse</strong></span> <span class='ocrx_word' id='word_1_120' title='bbox 1724 2632 1913 2680; x_wconf 88' lang='lat' dir='ltr'><strong>uutus</strong></span> <span class='ocrx_word' id='word_1_121' title='bbox 1956 2619 2021 2679; x_wconf 86' lang='lat' dir='ltr'><strong>in</strong></span> <span class='ocrx_word' id='word_1_122' title='bbox 2052 2616 2559 2690; x_wconf 75' lang='lat' dir='ltr'><strong>Cherronesum,</strong></span> 
     </span>
    </p>
   </div>
   <div class='ocr_carea' id='block_1_8' title="bbox 216 2867 558 3077">
    <p class='ocr_par' dir='ltr' id='par_1_8' title="bbox 216 2867 558 3077">
     <span class='ocr_line' id='line_1_22' title="bbox 253 2867 544 2940; baseline 0.01 -17"><span class='ocrx_word' id='word_1_123' title='bbox 253 2867 400 2940; x_wconf 77' lang='lat' dir='ltr'><strong>Beffi</strong></span> <span class='ocrx_word' id='word_1_124' title='bbox 427 2887 544 2926; x_wconf 67' lang='lat' dir='ltr'><strong>ma·</strong></span> 
     </span>
     <span class='ocr_line' id='line_1_23' title="bbox 216 2941 536 3006; baseline 0.009 -17"><span class='ocrx_word' id='word_1_125' title='bbox 216 2955 321 3006; x_wconf 68' lang='lat' dir='ltr'><strong>gno</strong></span> <span class='ocrx_word' id='word_1_126' title='bbox 350 2941 408 2992; x_wconf 74' lang='lat' dir='ltr'><strong>la</strong></span> <span class='ocrx_word' id='word_1_127' title='bbox 417 2942 536 2993; x_wconf 74' lang='lat' dir='ltr'><strong>bon</strong></span> 
     </span>
     <span class='ocr_line' id='line_1_24' title="bbox 216 3007 558 3077; baseline 0.018 -19"><span class='ocrx_word' id='word_1_128' title='bbox 216 3007 558 3077; x_wconf 69' lang='lat' dir='ltr'><strong>subiguntur.</strong></span> 
     </span>
    </p>
   </div>
   <div class='ocr_carea' id='block_1_9' title="bbox 591 2697 2567 2861">
    <p class='ocr_par' dir='ltr' id='par_1_9' title="bbox 591 2697 2567 2861">
     <span class='ocr_line' id='line_1_25' title="bbox 591 2697 2567 2784; baseline 0 -27"><span class='ocrx_word' id='word_1_129' title='bbox 591 2697 679 2759; x_wconf 77' lang='lat' dir='ltr'><strong>iis</strong></span> <span class='ocrx_word' id='word_1_130' title='bbox 711 2716 970 2781; x_wconf 84' lang='lat' dir='ltr'><strong>quoque</strong></span> <span class='ocrx_word' id='word_1_131' title='bbox 1005 2699 1187 2768; x_wconf 86' lang='lat' dir='ltr'><strong>locis,</strong></span> <span class='ocrx_word' id='word_1_132' title='bbox 1233 2712 1452 2781; x_wconf 84' lang='lat' dir='ltr'><strong>aperta</strong></span> <span class='ocrx_word' id='word_1_133' title='bbox 1479 2697 1683 2760; x_wconf 76' lang='lat' dir='ltr'><strong>vestan</strong></span> <span class='ocrx_word' id='word_1_134' title='bbox 1734 2720 1795 2775; x_wconf 90' lang='lat' dir='ltr'><strong>o,</strong></span> <span class='ocrx_word' id='word_1_135' title='bbox 1834 2697 2255 2784; x_wconf 86' lang='lat' dir='ltr'><strong>expugnando</strong></span> <span class='ocrx_word' id='word_1_136' title='bbox 2280 2698 2567 2771; x_wconf 79' lang='lat' dir='ltr'><strong>munita,</strong></span> 
     </span>
     <span class='ocr_line' id='line_1_26' title="bbox 594 2774 1575 2861; baseline 0.002 -22"><span class='ocrx_word' id='word_1_137' title='bbox 594 2774 938 2861; x_wconf 73' lang='lat' dir='ltr'><strong>plurimum</strong></span> <span class='ocrx_word' id='word_1_138' title='bbox 984 2778 1292 2839; x_wconf 81' lang='lat' dir='ltr'><strong>malorum</strong></span> <span class='ocrx_word' id='word_1_139' title='bbox 1337 2779 1575 2842; x_wconf 88' lang='lat' dir='ltr'><strong>intulit.</strong></span> 
     </span>
    </p>
   </div>
   <div class='ocr_carea' id='block_1_10' title="bbox 587 2883 2573 3460">
    <p class='ocr_par' dir='ltr' id='par_1_10' title="bbox 587 2883 2573 3460">
     <span class='ocr_line' id='line_1_27' title="bbox 711 2883 2573 2958; baseline -0.002 -12"><span class='ocrx_word' id='word_1_140' title='bbox 711 2887 788 2946; x_wconf 91' lang='lat'><strong>11.</strong></span> <span class='ocrx_word' id='word_1_141' title='bbox 841 2883 962 2945; x_wconf 85' lang='lat' dir='ltr'><strong>His</strong></span> <span class='ocrx_word' id='word_1_142' title='bbox 995 2886 1336 2958; x_wconf 81' lang='lat' dir='ltr'><strong>nunciatis,</strong></span> <span class='ocrx_word' id='word_1_143' title='bbox 1387 2887 1571 2948; x_wconf 83' lang='lat' dir='ltr'><strong>simul</strong></span> <span class='ocrx_word' id='word_1_144' title='bbox 1599 2901 1663 2947; x_wconf 89' lang='lat' dir='ltr'><strong>et</strong></span> <span class='ocrx_word' id='word_1_145' title='bbox 1689 2886 2072 2948; x_wconf 86' lang='lat' dir='ltr'><strong>Selletarum</strong></span> <span class='ocrx_word' id='word_1_146' title='bbox 2107 2885 2433 2946; x_wconf 87' lang='lat' dir='ltr'><strong>nationem</strong></span> <span class='ocrx_word' id='word_1_147' title='bbox 2466 2884 2573 2944; x_wconf 86' lang='lat' dir='ltr'><strong>in-</strong></span> 
     </span>
     <span class='ocr_line' id='line_1_28' title="bbox 592 2965 2567 3038; baseline -0.001 -10"><span class='ocrx_word' id='word_1_148' title='bbox 592 2967 932 3029; x_wconf 73' lang='lat' dir='ltr'><strong>cursiones</strong></span> <span class='ocrx_word' id='word_1_149' title='bbox 967 2965 1034 3024; x_wconf 91' lang='lat' dir='ltr'><strong>in</strong></span> <span class='ocrx_word' id='word_1_150' title='bbox 1070 2967 1510 3028; x_wconf 81' lang='lat' dir='ltr'><strong>Macedoniam</strong></span> <span class='ocrx_word' id='word_1_151' title='bbox 1551 2967 1793 3038; x_wconf 78' lang='lat' dir='ltr'><strong>facere,</strong></span> <span class='ocrx_word' id='word_1_152' title='bbox 1844 2971 2081 3030; x_wconf 83' lang='lat' dir='ltr'><strong>Caesar</strong></span> <span class='ocrx_word' id='word_1_153' title='bbox 2109 2971 2181 3028; x_wconf 89' lang='lat' dir='ltr'><strong>L.</strong></span> <span class='ocrx_word' id='word_1_154' title='bbox 2228 2966 2567 3038; x_wconf 80' lang='lat' dir='ltr'><strong>Pisonem,</strong></span> 
     </span>
     <span class='ocr_line' id='line_1_29' title="bbox 590 3045 2568 3130; baseline 0 -22"><span class='ocrx_word' id='word_1_155' title='bbox 590 3047 702 3130; x_wconf 87' lang='lat' dir='ltr'><strong>qui</strong></span> <span class='ocrx_word' id='word_1_156' title='bbox 743 3045 1150 3128; x_wconf 72' lang='lat' dir='ltr'><strong>Pamphyliae</strong></span> <span class='ocrx_word' id='word_1_157' title='bbox 1201 3063 1539 3130; x_wconf 74' lang='lat' dir='ltr'><strong>praeerat,</strong></span> <span class='ocrx_word' id='word_1_158' title='bbox 1604 3049 1955 3112; x_wconf 85' lang='lat' dir='ltr'><strong>exercitum</strong></span> <span class='ocrx_word' id='word_1_159' title='bbox 2002 3070 2081 3112; x_wconf 93' lang='lat' dir='ltr'><strong>eo</strong></span> <span class='ocrx_word' id='word_1_160' title='bbox 2116 3064 2568 3130; x_wconf 81' lang='lat' dir='ltr'><strong>transportare</strong></span> 
     </span>
     <span class='ocr_line' id='line_1_30' title="bbox 588 3127 2567 3214; baseline 0.001 -26"><span class='ocrx_word' id='word_1_161' title='bbox 588 3127 797 3211; x_wconf 85' lang='lat' dir='ltr'><strong>juss&#39;it,</strong></span> <span class='ocrx_word' id='word_1_162' title='bbox 862 3127 1030 3210; x_wconf 85' lang='lat' dir='ltr'><strong>quod</strong></span> <span class='ocrx_word' id='word_1_163' title='bbox 1083 3128 1589 3214; x_wconf 74' lang='lat' dir='ltr'><strong>propinquiores</strong></span> <span class='ocrx_word' id='word_1_164' title='bbox 1628 3130 1781 3190; x_wconf 81' lang='lat' dir='ltr'><strong>Asia</strong></span> <span class='ocrx_word' id='word_1_165' title='bbox 1814 3151 1887 3192; x_wconf 84' lang='lat' dir='ltr'><strong>ac</strong></span> <span class='ocrx_word' id='word_1_166' title='bbox 1926 3131 2265 3212; x_wconf 66' lang='lat' dir='ltr'><strong>Bithynia..</strong></span> <span class='ocrx_word' id='word_1_167' title='bbox 2330 3127 2567 3213; x_wconf 81' lang='lat' dir='ltr'><strong>populi</strong></span> 
     </span>
     <span class='ocr_line' id='line_1_31' title="bbox 587 3209 2565 3292; baseline 0 -21"><span class='ocrx_word' id='word_1_168' title='bbox 587 3209 864 3271; x_wconf 88' lang='lat' dir='ltr'><strong>Romani</strong></span> <span class='ocrx_word' id='word_1_169' title='bbox 894 3209 1306 3291; x_wconf 81' lang='lat' dir='ltr'><strong>provinciae,</strong></span> <span class='ocrx_word' id='word_1_170' title='bbox 1353 3214 1495 3272; x_wconf 82' lang='lat' dir='ltr'><strong>sine</strong></span> <span class='ocrx_word' id='word_1_171' title='bbox 1528 3211 1894 3292; x_wconf 84' lang='lat' dir='ltr'><strong>legionibus</strong></span> <span class='ocrx_word' id='word_1_172' title='bbox 1931 3227 2132 3275; x_wconf 83' lang='lat' dir='ltr'><strong>erant.</strong></span> <span class='ocrx_word' id='word_1_173' title='bbox 2208 3211 2415 3288; x_wconf 76' lang='lat' dir='ltr'><strong>Hujus</strong></span> <span class='ocrx_word' id='word_1_174' title='bbox 2444 3209 2565 3271; x_wconf 81' lang='lat' dir='ltr'><strong>ad-</strong></span> 
     </span>
     <span class='ocr_line' id='line_1_32' title="bbox 587 3289 2567 3374; baseline 0.001 -22"><span class='ocrx_word' id='word_1_175' title='bbox 587 3289 912 3353; x_wconf 80' lang='lat' dir='ltr'><strong>venientis</strong></span> <span class='ocrx_word' id='word_1_176' title='bbox 947 3289 1110 3350; x_wconf 82' lang='lat' dir='ltr'><strong>fama</strong></span> <span class='ocrx_word' id='word_1_177' title='bbox 1151 3291 1573 3354; x_wconf 83' lang='lat' dir='ltr'><strong>retrocedere</strong></span> <span class='ocrx_word' id='word_1_178' title='bbox 1601 3293 1825 3354; x_wconf 80' lang='lat' dir='ltr'><strong>Bess&#39;os</strong></span> <span class='ocrx_word' id='word_1_179' title='bbox 1864 3295 1939 3354; x_wconf 87' lang='lat' dir='ltr'><strong>ad</strong></span> <span class='ocrx_word' id='word_1_180' title='bbox 1983 3315 2092 3354; x_wconf 83' lang='lat' dir='ltr'><strong>sua</strong></span> <span class='ocrx_word' id='word_1_181' title='bbox 2134 3293 2370 3374; x_wconf 68' lang='lat' dir='ltr'><strong>coegit.</strong></span> <span class='ocrx_word' id='word_1_182' title='bbox 2454 3291 2567 3354; x_wconf 88' lang='lat' dir='ltr'><strong>ld-</strong></span> 
     </span>
     <span class='ocr_line' id='line_1_33' title="bbox 587 3371 2563 3460; baseline 0.001 -27"><span class='ocrx_word' id='word_1_183' title='bbox 587 3371 767 3434; x_wconf 89' lang='lat' dir='ltr'><strong>circo</strong></span> <span class='ocrx_word' id='word_1_184' title='bbox 822 3371 1053 3438; x_wconf 82' lang='lat' dir='ltr'><strong>Piso,·</strong></span> <span class='ocrx_word' id='word_1_185' title='bbox 1092 3373 1158 3432; x_wconf 89' lang='lat' dir='ltr'><strong>in</strong></span> <span class='ocrx_word' id='word_1_186' title='bbox 1209 3373 1468 3434; x_wconf 85' lang='lat' dir='ltr'><strong>illorum</strong></span> <span class='ocrx_word' id='word_1_187' title='bbox 1524 3375 1858 3455; x_wconf 86' lang='lat' dir='ltr'><strong>regionem</strong></span> <span class='ocrx_word' id='word_1_188' title='bbox 1908 3377 2215 3460; x_wconf 87' lang='lat' dir='ltr'><strong>impetum</strong></span> <span class='ocrx_word' id='word_1_189' title='bbox 2268 3373 2563 3444; x_wconf 83' lang='lat' dir='ltr'><strong>faciens,</strong></span> 
     </span>
    </p>
   </div>
   <div class='ocr_carea' id='block_1_11' title="bbox 477 3451 2563 3596">
    <p class='ocr_par' dir='ltr' id='par_1_11' title="bbox 477 3451 2563 3596">
     <span class='ocr_line' id='line_1_34' title="bbox 477 3451 2563 3596; baseline 0.001 -82"><span class='ocrx_word' id='word_1_190' title='bbox 477 3455 526 3514; x_wconf 80' lang='lat'><strong>.&#39;</strong></span> <span class='ocrx_word' id='word_1_191' title='bbox 586 3473 719 3529; x_wconf 61' lang='grc' dir='ltr'><strong>ηομ</strong></span> <span class='ocrx_word' id='word_1_192' title='bbox 773 3453 917 3514; x_wconf 76' lang='lat' dir='ltr'><strong>leve</strong></span> <span class='ocrx_word' id='word_1_193' title='bbox 961 3451 1200 3513; x_wconf 84' lang='lat' dir='ltr'><strong>bellum</strong></span> <span class='ocrx_word' id='word_1_194' title='bbox 1247 3468 1551 3536; x_wconf 84' lang='lat' dir='ltr'><strong>expertus</strong></span> <span class='ocrx_word' id='word_1_195' title='bbox 1598 3452 1721 3520; x_wconf 79' lang='lat' dir='ltr'><strong>est:</strong></span> <span class='ocrx_word' id='word_1_196' title='bbox 1789 3478 1979 3539; x_wconf 86' lang='lat' dir='ltr'><strong>quum</strong></span> <span class='ocrx_word' id='word_1_197' title='bbox 2040 3458 2226 3518; x_wconf 78' lang='lat' dir='ltr'><strong>ferox</strong></span> <span class='ocrx_word' id='word_1_198' title='bbox 2277 3456 2563 3596; x_wconf 55' lang='lat' dir='ltr'><strong>posulus</strong></span> 
     </span>
    </p>
   </div>
   <div class='ocr_carea' id='block_1_12' title="bbox 583 3534 2567 3865">
    <p class='ocr_par' dir='ltr' id='par_1_12' title="bbox 583 3534 2567 3865">
     <span class='ocr_line' id='line_1_35' title="bbox 586 3534 2565 3614; baseline 0.001 -19"><span class='ocrx_word' id='word_1_199' title='bbox 586 3534 779 3596; x_wconf 88' lang='lat' dir='ltr'><strong>etiam</strong></span> <span class='ocrx_word' id='word_1_200' title='bbox 815 3534 913 3595; x_wconf 88' lang='lat' dir='ltr'><strong>rei</strong></span> <span class='ocrx_word' id='word_1_201' title='bbox 953 3534 1248 3597; x_wconf 79' lang='lat' dir='ltr'><strong>militaris</strong></span> <span class='ocrx_word' id='word_1_202' title='bbox 1289 3557 1408 3596; x_wconf 85' lang='lat' dir='ltr'><strong>usu</strong></span> <span class='ocrx_word' id='word_1_203' title='bbox 1453 3553 1525 3596; x_wconf 87' lang='lat' dir='ltr'><strong>ac</strong></span> <span class='ocrx_word' id='word_1_204' title='bbox 1564 3537 1813 3596; x_wconf 81' lang='lat' dir='ltr'><strong>ratione</strong></span> <span class='ocrx_word' id='word_1_205' title='bbox 1853 3539 2295 3614; x_wconf 81' lang='lat' dir='ltr'><strong>adjuvaretur,</strong></span> <span class='ocrx_word' id='word_1_206' title='bbox 2404 3537 2565 3597; x_wconf 83' lang='lat' dir='ltr'><strong>isci-</strong></span> 
     </span>
     <span class='ocr_line' id='line_1_36' title="bbox 583 3609 2561 3700; baseline 0.001 -25"><span class='ocrx_word' id='word_1_207' title='bbox 583 3609 762 3700; x_wconf 87' lang='lat' dir='ltr'><strong>plina</strong></span> <span class='ocrx_word' id='word_1_208' title='bbox 817 3615 1143 3697; x_wconf 84' lang='lat' dir='ltr'><strong>armisque</strong></span> <span class='ocrx_word' id='word_1_209' title='bbox 1199 3617 1502 3678; x_wconf 80' lang='lat' dir='ltr'><strong>Romanis</strong></span> <span class='ocrx_word' id='word_1_210' title='bbox 1560 3639 1679 3678; x_wconf 88' lang='lat' dir='ltr'><strong>usu</strong></span> <span class='ocrx_word' id='word_1_211' title='bbox 1736 3617 2163 3680; x_wconf 71' lang='lat' dir='ltr'><strong>adsuefactus.</strong></span> <span class='ocrx_word' id='word_1_212' title='bbox 2270 3618 2561 3677; x_wconf 84' lang='lat' dir='ltr'><strong>Primum</strong></span> 
     </span>
     <span class='ocr_line' id='line_1_37' title="bbox 583 3696 2561 3782; baseline 0.002 -27"><span class='ocrx_word' id='word_1_213' title='bbox 583 3696 908 3780; x_wconf 87' lang='lat' dir='ltr'><strong>proelium</strong></span> <span class='ocrx_word' id='word_1_214' title='bbox 953 3697 1428 3778; x_wconf 82' lang='lat' dir='ltr'><strong>improsperum</strong></span> <span class='ocrx_word' id='word_1_215' title='bbox 1480 3697 1705 3758; x_wconf 86' lang='lat' dir='ltr'><strong>Pisoni</strong></span> <span class='ocrx_word' id='word_1_216' title='bbox 1748 3699 1893 3760; x_wconf 86' lang='lat' dir='ltr'><strong>suit.</strong></span> <span class='ocrx_word' id='word_1_217' title='bbox 1960 3713 2271 3782; x_wconf 80' lang='lat' dir='ltr'><strong>sequente</strong></span> <span class='ocrx_word' id='word_1_218' title='bbox 2306 3699 2561 3770; x_wconf 81' lang='lat' dir='ltr'><strong>victor,</strong></span> 
     </span>
     <span class='ocr_line' id='line_1_38' title="bbox 587 3778 2567 3865; baseline 0.002 -27"><span class='ocrx_word' id='word_1_219' title='bbox 587 3797 843 3838; x_wconf 87' lang='lat' dir='ltr'><strong>omnem</strong></span> <span class='ocrx_word' id='word_1_220' title='bbox 874 3778 1048 3839; x_wconf 85' lang='lat' dir='ltr'><strong>circa</strong></span> <span class='ocrx_word' id='word_1_221' title='bbox 1081 3779 1413 3840; x_wconf 81' lang='lat' dir='ltr'><strong>Bess&#39;orum</strong></span> <span class='ocrx_word' id='word_1_222' title='bbox 1453 3793 1647 3864; x_wconf 86' lang='lat' dir='ltr'><strong>atque</strong></span> <span class='ocrx_word' id='word_1_223' title='bbox 1690 3781 2015 3842; x_wconf 85' lang='lat' dir='ltr'><strong>sociorum</strong></span> <span class='ocrx_word' id='word_1_224' title='bbox 2050 3801 2272 3865; x_wconf 63' lang='lat' dir='ltr'><strong>agrum</strong></span> <span class='ocrx_word' id='word_1_225' title='bbox 2295 3823 2312 3855; x_wconf 94' lang='lat'><strong>,</strong></span> <span class='ocrx_word' id='word_1_226' title='bbox 2358 3780 2438 3841; x_wconf 85' lang='lat' dir='ltr'><strong>ab</strong></span> <span class='ocrx_word' id='word_1_227' title='bbox 2461 3781 2567 3842; x_wconf 79' lang='lat' dir='ltr'><strong>ira</strong></span> 
     </span>
    </p>
   </div>
   <div class='ocr_carea' id='block_1_13' title="bbox 861 3917 1268 3929">
    <p class='ocr_par' dir='ltr' id='par_1_13' title="bbox 861 3917 1268 3929">
     <span class='ocr_line' id='line_1_39' title="bbox 861 3917 1268 3929; baseline 0 755"><span class='ocrx_word' id='word_1_228' title='bbox 861 3917 1268 3929; x_wconf 95' lang='lat' dir='ltr'><strong> </strong></span> 
     </span>
    </p>
   </div>
   <div class='ocr_carea' id='block_1_14' title="bbox 581 3977 2567 4182">
    <p class='ocr_par' dir='ltr' id='par_1_14' title="bbox 581 3977 2567 4182">
     <span class='ocr_line' id='line_1_40' title="bbox 653 3977 2567 4060; baseline 0.002 -28"><span class='ocrx_word' id='word_1_229' title='bbox 653 3977 805 4058; x_wconf 61' lang='lat' dir='ltr'><strong>Cap.</strong></span> <span class='ocrx_word' id='word_1_230' title='bbox 835 3978 883 4032; x_wconf 90' lang='lat'><strong>1.</strong></span> <span class='ocrx_word' id='word_1_231' title='bbox 924 3979 1061 4033; x_wconf 87' lang='lat' dir='ltr'><strong>Dio.</strong></span> <span class='ocrx_word' id='word_1_232' title='bbox 1095 3978 1134 4032; x_wconf 92' lang='lat'><strong>1.</strong></span> <span class='ocrx_word' id='word_1_233' title='bbox 1167 3977 1452 4059; x_wconf 61' lang='lat' dir='ltr'><strong>54·‚Vell·</strong></span> <span class='ocrx_word' id='word_1_234' title='bbox 1486 3997 1538 4047; x_wconf 74' lang='lat' dir='ltr'><strong>a,</strong></span> <span class='ocrx_word' id='word_1_235' title='bbox 1564 3979 1653 4042; x_wconf 74' lang='lat'><strong>08.</strong></span> <span class='ocrx_word' id='word_1_236' title='bbox 1693 3979 1820 4034; x_wconf 87' lang='lat' dir='ltr'><strong>Liv.</strong></span> <span class='ocrx_word' id='word_1_237' title='bbox 1844 3982 2004 4052; x_wconf 83' lang='lat' dir='ltr'><strong>Epit.</strong></span> <span class='ocrx_word' id='word_1_238' title='bbox 2038 3980 2177 4050; x_wconf 76' lang='lat' dir='ltr'><strong>Dio.</strong></span> <span class='ocrx_word' id='word_1_239' title='bbox 2206 3979 2421 4060; x_wconf 65' lang='lat' dir='ltr'><strong>Supra,</strong></span> <span class='ocrx_word' id='word_1_240' title='bbox 2446 3981 2567 4045; x_wconf 77' lang='lat'><strong>13⁶,</strong></span> 
     </span>
     <span class='ocr_line' id='line_1_41' title="bbox 581 4041 2563 4182; baseline 0.003 -85"><span class='ocrx_word' id='word_1_241' title='bbox 581 4047 1058 4182; x_wconf 29' lang='lat' dir='ltr'><strong>{ugnas-lap.</strong></span> <span class='ocrx_word' id='word_1_242' title='bbox 1087 4047 1162 4105; x_wconf 86' lang='lat'><strong>11.</strong></span> <span class='ocrx_word' id='word_1_243' title='bbox 1196 4047 1424 4121; x_wconf 70' lang='lat' dir='ltr'><strong>Phn.4,</strong></span> <span class='ocrx_word' id='word_1_244' title='bbox 1448 4065 1533 4104; x_wconf 87' lang='grc' dir='ltr'><strong>ιι.</strong></span> <span class='ocrx_word' id='word_1_245' title='bbox 1564 4049 1706 4106; x_wconf 77' lang='lat' dir='ltr'><strong>Dio.</strong></span> <span class='ocrx_word' id='word_1_246' title='bbox 1740 4049 1937 4124; x_wconf 83' lang='lat' dir='ltr'><strong>Supra</strong></span> <span class='ocrx_word' id='word_1_247' title='bbox 1966 4041 2359 4122; x_wconf 72' lang='lat' dir='ltr'><strong>134,96.&#39;Dm.</strong></span> <span class='ocrx_word' id='word_1_248' title='bbox 2390 4048 2563 4108; x_wconf 82' lang='lat' dir='ltr'><strong>Flor.</strong></span> 
     </span>
    </p>
   </div>
   <div class='ocr_carea' id='block_1_15' title="bbox 2793 3085 2806 3699">
    <p class='ocr_par' dir='ltr' id='par_1_15' title="bbox 2793 3085 2806 3699">
     <span class='ocr_line' id='line_1_42' title="bbox 2793 3085 2806 3699; baseline 0 0"><span class='ocrx_word' id='word_1_249' title='bbox 2793 3085 2806 3699; x_wconf 95' lang='lat' dir='ltr'><strong> </strong></span> 
     </span>
    </p>
   </div>
  </div>
 </body>
</html>
