2892 4684
584 321 673 384 m
714 315 1023 383 Locum
1062 317 1233 380 mn.
1282 316 1782 392 cxv1.,1.1v11.
1925 293 1941 302 ’
2075 317 2199 382 223

202 529 447 616 quibus
484 524 556 590 sti
606 540 747 590 atus
780 525 1105 589 bellorum
1142 543 1439 610 tempore
1477 525 1728 600 fuerat,
1785 549 1821 589 a
1867 547 1939 590 se
1981 547 2198 590 remo·
2263 523 2340 580 U·
2363 537 2568 591 ⁰·7Q7·

202 615 325 676 vit‘.
371 551 669 673 enstoffes
704 611 1005 694 corporis
1040 611 1137 671 uti
1173 609 1612 680 adscisceret,
1661 609 1888 671 amicis
1930 630 2202 671 monen—
2261 593 2429 650 ἅθ’
2457 595 2552 660 45·

186 695 420 766 'tibus‚
465 695 833 776 multisque-
854 711 927 754 se
964 690 1399 772 offerentibus
1434 689 1517 751 ad
1552 688 1876 763 officium,
1923 713 2205 774 respon.

210 775 345 848 dit,
378 774 548 856 semel
579 779 719 834 mori
744 773 1021 856 praestare
1039 817 1059 848 ,
1100 795 1260 855 quam
1284 773 1502 854 semper
1531 776 1746 832 timere.
1829 774 2020 837 Dicta
2053 795 2206 858 gra-

210 858 395 926 viora
430 855 761 930 inhibere,
805 877 995 939 quam
1028 855 1385 924 vindicare,
1429 854 1677 915 maluit.
1759 857 1830 915 ln
1866 855 2106 938 quibus
2141 869 2211 918 et

216 942 298 1000 A.
338 939 649 1004 Caecinae
705 937 1311 998 criminosissimum
1362 934 1639 1010 librum,
1711 947 1778 998 et
1815 941 1903 998 M.
1935 937 2210 1000 Otacilii

212 1018 499 1162 Pitholai·
537 1020 821 1082 carmina
856 1017 1452 1082 maledicentiilima
1495 1036 1706 1102 aequo
1747 1031 1816 1080 et
1849 1018 2038 1083 civili
2071 1020 2212 1081 ani-

213 1122 319 1164 mo
356 1115 428 1162 tu
458 1115 531 1164 lt·
1995 1131 2016 1152 ·’

331 1223 419 1288 V.
477 1219 609 1284 sed
638 1219 801 1283 haec
831 1233 962 1282 tam
993 1221 1265 1305 pulchra
1300 1235 1366 1286 et
1393 1217 1708 1284 laudanda
1735 1220 1942 1304 pleris
1995 1243 2080 1284 ue
2112 1223 2210 1284 in·
2277 1225 2534 1296 Ejusdem
2657 1263 2668 1282 .

213 1305 510 1366 solenter
560 1303 955 1386 usurpandis
1002 1302 1556 1387 corruperat,'in
1599 1305 1776 1364 omni
1823 1305 1967 1365 cele
2019 1305 2212 1367 ritate
2235 1297 2550 1351 ''mmuh-

208 1385 675 1470 triumphalem
714 1384 951 1450 vestem
987 1386 1273 1460 indutus,
1320 1388 1699 1468 laurumque
1736 1400 2066 1470 perpetuo
2102 1407 2217 1476 ge-

212 1467 418 1530 stans:
480 1489 611 1550 quo
640 1480 859 1528 tamen
898 1466 1147 1530 honore
1184 1468 1488 1529 laetatum
1526 1468 1679 1528 ideo
1715 1470 2078 1552 praecipue
2115 1470 2220 1530 fe·-

211 1563 408 1622 runt,
478 1547 656 1632 quod
694 1547 953 1610 molesta
994 1561 1063 1611 et
1108 1548 1301 1610 (lictis
1346 1549 1626 1612 obnoxia
1662 1550 1954 1612 calvitiei·
1990 1549 2220 1614 defor-

216 1633 413 1692 mitas
467 1635 565 1692 sic
617 1631 979 1712 tegebatur.
1064 1629 1196 1693 Sed
1248 1632 1462 1715 ipsum
1515 1629 1887 1694 occultandi
1945 1631 2220 1694 studium

217 1712 483 1796 patebat
537 1712 1050 1773 obtrectatorum
1104 1711 1307 1791 jocis3
1386 1726 1452 1774 et
1499 1711 1674 1797 quod
1729 1733 1766 1774 a
1799 1710 2066 1778 Venere
2107 1737 2222 1778 sua

266 1796 647 1878 raecipuum
693 1793 943 1856 formae
986 1793 1187 1855 decus
1241 1790 1546 1878 adeptum
1599 1815 1747 1856 sese
1800 1795 1986 1860 credi
2038 1799 2222 1861 vole-

217 1815 369 1952 ἱεῖς
414 1891 480 1937 et
519 1875 602 1936 de
636 1876 929 1936 maximis
970 1876 1337 1960 quibusque
1371 1875 1660 1958 negotiis
1697 1877 1927 1941 literas
1957 1881 2221 1947 Venere

220 1971 463 2101 iii-mata
495 1957 915 2042 obsignabat,
958 1955 1125 2020 hanc
1156 1958 1549 2043 insculptam
1575 1959 1812 2022 annulo
1838 1960 2087 2048 gestare
2113 1968 2224 2024 s'o-

278 2053 408 2103 tus.

359 2145 473 2208 Vl.
513 2145 665 2207 Fuit
704 2144 881 2206 enim
916 2141 1149 2207 statura
1183 2145 1461 2219 excelsa,
1508 2147 1738 2211 colore
1773 2141 2077 2217 candido,
2119 2156 2221 2205 te·
2281 2153 2514 2224 Ham,

228 2225 485 2289 retibus
516 2227 826 2288 membris
845 2268 863 2299 ‚
902 2245 1025 2289 ore
1059 2225 1280 2311 paullo
1310 2229 1647 2310 pleniore,
1693 2229 1906 2312 nigris
1934 2227 2219 2310 vegetis·
2247 2241 2508 2310 corporis.

227 2329 359 2392 que
402 2309 634 2370 oculis.
719 2307 853 2370 Sed
884 2324 985 2382 et,
1047 2309 1227 2371 cultu
1272 2311 1545 2373 notabili
1589 2309 2042 2372 commendare
2083 2307 2226 2368 for-

224 2411 395 2452 mam
427 2389 684 2452 studens
706 2432 724 2464 ‚
765 2391 889 2470 jam
931 2391 1085 2452 olim
1118 2408 1251 2451 non
1283 2394 1642 2456 evitaverint
1675 2391 1986 2454 dicteria:
2028 2407 2228 2472 quum

228 2485 297 2534 et
336 2473 533 2534 rubei
572 2472 816 2534 coloris
864 2471 1037 2536 veste
1083 2479 1417 2548 uteretur,
1483 2473 1812 2556 (qualem,
1865 2471 2080 2534 Albae
2117 2470 2245 2533 re-'

228 2552 423 2638 gibus
468 2553 702 2638 gestari
742 2556 1034 2629 solitam,
1088 2555 1235 2652 ipse
1274 2555 1399 2617 Iuli
1434 2575 1644 2640 genus
1685 2555 1996 2618 credebat
2034 2552 2114 2613 ad
2153 2571 2229 2614 se

228 2638 611 2719 pertinere)
648 2649 712 2698 et
755 2634 1037 2698 fluxiore
1082 2650 1411 2711 cinctura,
1471 2639 1541 2699 in
1579 2655 1768 2721 quam
1806 2633 2228 2700 memorabile

228 2719 576 2782 dictatoris
607 2720 826 2782 Sullae
869 2718 1117 2781 dictum
1162 2717 1320 2792 fuit,
1366 2719 1872 2802 deprecantibus
1911 2737 2036 2802 pro
2067 2719 2227 2777 Cae-

232 2821 381 2863 sare
414 2795 665 2874 amicis,
708 2819 897 2860 cavere
930 2799 1163 2879 jubens
1196 2801 1331 2860 male
1356 2806 1724 2884 praecinctum
1748 2819 1998 2882 puerum.
2042 2797 2229 2859 Unde
2347 2837 2352 2848 ·

204 2897 301 2945 -οι
334 2883 615 2955 Cicero,
656 2879 796 2966 post
838 2881 1036 2944 civile
1080 2879 1319 2943 bellum
1358 2885 1803 2966 interrogatus
1827 2924 1844 2954 ‚
1897 2878 2228 2965 quomodo

152 2995 157 3006 ·
228 2965 301 3026 in
338 2965 673 3050 electione
713 2963 925 3049 partis
966 2963 1237 3028 errass'et
1256 3005 1274 3038 ,
1336 2967 1728 3027 Praecinctura
1747 3006 1766 3040 ‚
1830 2963 2047 3046 inquit
2067 3002 2085 3035 ,
2147 2981 2230 3019 me

216 3045 466 3134 fbf—‘Ilit-
986 3070 996 3086 ¹

354 3169 501 3236 vu.
550 3167 681 3231 Sed
714 3167 879 3232 baec
917 3181 1105 3232 erant
1174 3165 1453 3243 rachis,
1498 3188 1664 3252 quae
1697 3180 2084 3253 sequuntur,
2124 3177 2230 3227 to·
2289 3169 2482 3226 Dn‘m‘ui
2502 3170 2594 3224 lu-

226 3251 554 3314 lerabilia.
614 3253 775 3314 Nam
824 3272 907 3314 ue
937 3252 1107 3313 sacri
1158 3251 1305 3324 ciis,
1348 3249 1833 3324 certaminibus,
1877 3248 2072 3311 donis
2100 3248 2229 3309 cir·
2255 3259 2404 3294 nom
2419 3242 2616 3294 0⁰0⁸·-

232 3353 310 3396 ca
353 3333 571 3395 omnia
620 3347 798 3417 temp
828 3355 863 3394 a
914 3346 980 3394 et
1028 3335 1171 3396 loca
1220 3332 1482 3416 publica
1525 3351 1648 3415 per
1691 3331 1976 3414 singulas
2016 3310 2545 3392 tribus'uw'm·

234 3415 610 3478 colebatur=
657 3413 929 3477 delubra
962 3434 1223 3500 quoque
1252 3413 1588 3496 complura
1621 3411 1685 3475 ei
1714 3412 2235 3476 decernebantur

234 3499 849 3560 senatusconsultoz
895 3495 1316 3582 eamdemque
1354 3495 1704 3567 insaniam,
1753 3493 1836 3555 ad
1873 3494 2239 3577 exemplum
2489 3495 2516 3576 ζ

232 3580 465 3664 urbis,
526 3579 827 3642 civitates
860 3600 1189 3664 regesque
1227 3577 1394 3660 socii
1428 3576 1859 3639 insaniebant.
1940 3577 2090 3659 Ipse
2123 3575 2238 3634 Li-
2573 3587 2580 3592 “

232 3657 510 3724 berator
544 3661 931 3735 vocabatur,
975 3663 1185 3726 relato
1222 3660 1289 3721 in
1326 3655 1522 3722 fastos
1554 3659 1854 3740 nomine:
1895 3657 2240 3740 templum-

236 3765 370 3830 que
406 3743 733 3824 Libertati
760 3741 1094 3806 Iocabatur
1124 3741 1411 3828 publice.
1493 3743 1906 3805 Praenomen
1932 3739 2240 3821 Imperato-

308 3887 589 4015 Gap-lv.
628 3934 757 3990 Cio.
782 3929 859 3986 ad
872 3935 1037 3988 Fam.
1071 3932 1229 3988 Plut.
1264 3897 1439 3988 Caes.
1511 3927 1758 4000 Gap.V'.
1788 3926 1839 3982 ,Α
1933 3925 2052 3980 ian.
2093 3923 2240 3980 Sue·

238 4011 369 4060 ton.
412 4004 537 4059 Cic.
574 3999 651 4057 ad
677 4006 845 4058 Fam.
874 4005 933 4070 6,
952 4005 1008 4056 6.
1034 4009 1094 4056 et
1110 4021 1163 4070 7.
1208 4000 1484 4056 Maerob.
1521 3999 1646 4054 Sat.
1664 4016 1717 4067 ι,
1741 4015 1792 4052 ι.
1874 4007 2078 4060 ueton.
2117 3992 2166 4047 A
2215 4019 2240 4040 ο

238 4071 407 4145 pian.
437 4083 499 4128 et
523 4071 663 4138 mo,
688 4073 735 4127 1.
754 4075 845 4136 103.
918 4069 1069 4194 Cap).
1100 4072 1206 4128 vl.
1261 4071 1510 4126 Sueton-
1565 4070 1735 4124 Caes.
1761 4066 1851 4129 45.
1900 4064 2040 4119 Dio.
2093 4063 2239 4118 Sue-

237 4149 371 4198 ton.
424 4139 563 4200 Dio.
614 4142 865 4198 Sueten.
914 4150 975 4194 et
1070 4139 1153 4194 io.
1201 4138 1480 4194 Maon-ob·
1527 4136 1651 4192 Sat.
1689 4152 1749 4198 a,
1784 4136 1840 4190 3.
1925 4133 2068 4207 Cap.
2097 4133 2237 4192 VH·

242 4209 501 4274 Sueton-
528 4213 704 4275 Gneo·
733 4213 827 4283 ⁰7⁶.
860 4207 1007 4282 Dio,
1038 4209 1081 4270 1.
1106 4211 1201 4285 44.
1238 4205 1500 4284 Appiam
1531 4207 1782 4268 Pinum.
1813 4199 1859 4262 l-
1885 4201 1944 4268 3·
2085 4279 2092 4286 .
