2892 4684
320 482 392 544 θ’.
420 504 471 542 e.
493 504 617 557 7¹⁰·

233 589 241 605 ι
320 558 483 615 Δ.Ο.
510 563 599 625 4².

656 288 775 358 [με
816 238 2654 385 russmsusurrmmmronmnmmxxvm.

663 486 1081 573 deportabat,
1141 486 1209 547 in
1245 484 1620 570 potestatem
1656 479 2038 563 redegill'et3
2102 496 2226 562 per
2271 492 2643 570 eorm-nunes

661 572 940 642 amicos,
988 568 1273 629 Hirtium
1303 582 1369 629 et
1396 566 1745 636 Fannium,
1793 561 1906 644 qui
1931 580 2163 622 reeens
2190 570 2547 641 proscripti
2577 578 2650 619 m

570 668 583 675 ·
664 652 954 716 Siciliam
989 649 1452 733 profugerant,
1511 646 1670 707 inita
1711 642 1798 705 est
1831 645 2006 703 inter
2037 641 2236 704 duces
2266 638 2516 720 pactio,
2571 650 2648 699 ut

338 1202 626 1254 Caesarem

288 1266 482 1321 navali
496 1284 641 1335 proe-

290 1338 366 1391 lio
384 1344 621 1405 superat.

302 3182 522 3268 ‚2⁷3⁷th
534 3194 643 3235 tra.

286 3269 444 3322 ywere
456 3271 511 3307 co
518 3270 643 3303 nan·

292 3332 389 3377 tem
402 3320 638 3401 repellit,

660 746 935 819 aequato
1005 730 1282 813 imperio
1337 730 1628 793 Siciliam
1691 726 2082 789 obtinerent.
2169 720 2280 785 Sic
2335 732 2645 801 receptus

660 816 1015 887 Mess'anae,
1062 812 1509 909 imperatoque
1533 854 1550 885 ,
1609 822 1679 871 ut
1715 805 2025 893 pecunias
2069 818 2138 887 etv
2171 823 2342 895 arina
2380 802 2650 885 profer-

662 908 830 965 rent,
876 896 1223 977 Syracusas
1253 895 1476 979 petiit:
1531 890 1935 974 adoeptoque
1963 908 2044 948 ex
2069 883 2294 948 Africa
2317 884 2648 957 subsidio,

664 977 842 1061 quod
877 977 959 1072 Q.
995 974 1386 1039 Cornificius
1422 976 1727 1049 miserat,
1773 984 1840 1037 et
1869 970 2040 1033 illam
2071 967 2336 1045 urbem,
2381 982 2448 1031 et
2477 963 2653 1054 post-

664 1064 747 1121 ea'
776 1060 999 1143 plures
1038 1058 1323 1143 subegit.

790 1184 898 1242 111.
942 1178 1125 1243 Unde
1160 1200 1269 1243 res
1304 1178 1727 1243 frumentaria
1756 1174 2128 1263 perangusta
2155 1178 2401 1241 Romae
2423 1218 2440 1245 ,
2483 1170 2652 1232 mul-

670 1262 849 1345 tique
890 1262 1233 1335 mortales,
1280 1262 1605 1346 absumpti
1642 1260 2248 1345 srugum'penuria,
2293 1262 2660 1339 coegerunt

657 1344 1011 1443 caesarem
1036 1386 1053 1415 ,
1099 1345 1210 1427 qui
1247 1343 1562 1405 hactenus
1598 1343 1910 1421 majorum
1943 1362 2163 1405 rerum
2198 1362 2351 1403 eura
2383 1342 2656 1403 Sextum

668 1426 893 1507 augeri
942 1424 1213 1496 tulerat,
1278 1438 1350 1487 ut
1390 1440 1458 1486 et
1496 1426 1669 1487 elass'i
1712 1422 2116 1489 instruendae
2158 1421 2470 1501 adjiceret
2511 1419 2656 1481 ani-

666 1527 876 1575 mum,
944 1520 1009 1567 et
1051 1506 1133 1601 Q.
1172 1506 1612 1571 Salvidienum
1651 1506 1893 1569 Rufum
1939 1526 2083 1568 cum
2127 1504 2497 1587 ingentibus
2541 1520 2657 1563 co-

664 1588 797 1671 piis
844 1586 1168 1671 Rhegium
1216 1590 1686 1671 praemitteret.
1787 1593 2076 1673 Namque
2129 1585 2522 1669 Pompeius,
2584 1583 2654 1647 in

668 1670 812 1731 dies
854 1668 1149 1751 augendo
1195 1670 1425 1733 samam
1459 1684 1651 1753 atque
1688 1672 1911 1753 copias
1935 1713 1952 1743 ‚
2017 1690 2210 1753 quum
2252 1680 2514 1753 praeter
2543 1687 2657 1729 ce-

668 1766 848 1817 teros
884 1750 1269 1831 perplurimi
1308 1752 1387 1813 ad
1426 1772 1571 1813 eum
1610 1773 1690 1813 ex
1725 1752 2135 1823 civitatibus,
2183 1744 2354 1835 quae‘
2379 1750 2658 1811 militum

664 1834 979 1919 praemiis
1018 1828 1524 1907 destinabantur,
1571 1832 2009 1907 confluerent,
2051 1830 2177 1909 «jam
2215 1833 2406 1893 etiam
2435 1831 2654 1893 ltaliae

666 1928 921 1977 tentare
960 1934 1138 1975 oram
1172 1914 1469 1977 audebat.
1558 1914 1688 1977 Sed
1723 1916 2001 1977 adventu
2038 1913 2283 1977 Juliani
2329 1912 2655 1977 exereitus

668 1996 735 2062 in
770 1996 1059 2059 Siciliam
1101 2015 1171 2057 se
1210 1997 1494 2079 recepiret
1549 2010 1613 2057 et
1648 1997 2100 2067 Salvidienus,
2147 2016 2342 2091 quum
2382 1993 2650 2057 navibus

668 2076 1443 2159 destitueretur,·navigia
1481 2098 1561 2139 ex
1595 2078 1780 2140 corio
1812 2078 2135 2139 fabricare
2167 2076 2456 2149 instituit,
2497 2098 2657 2159 qua-

665 2161 841 2225 libus
890 2161 954 2221 in
1004 2158 1269 2222 Oceano
1320 2159 1706 2231 utebantur,
1777 2160 2032 2223 levibus
2077 2158 2274 2255 lignis
2315 2172 2655 2235 conserta,

718 2263 833 2305 uae
869 2240 1034 2303 foris
1074 2240 1249 2324 pelle
1286 2240 1522 2302 bubula
1559 2240 1791 2315 cruda,
1856 2243 1922 2302 in
1961 2239 2161 2323 clipei
2198 2240 2467 2301 sormam
2492 2282 2508 2311 ‚
2556 2240 2660 2301 in-

667 2265 1092 2387 ducebantur.
1180 2322 1313 2385 Sed
1351 2322 1626 2396 irrisus,
1689 2336 1755 2385 et
1793 2322 1947 2384 huie
1993 2322 2259 2385 invento
2306 2321 2655 2397 diflidens,

663 2406 908 2489 Rhegii
956 2425 1025 2465 se
1069 2406 1313 2474 tenuit,
1360 2403 1573 2466 donee
1615 2404 1846 2465 eodem
1889 2406 2126 2467 Caesar
2172 2404 2462 2467 veniss'et.
2549 2404 2654 2471 Ab

662 2486 791 2549 hoc
842 2486 1134 2571 adneptis
1183 2485 1455 2549 navibus
1495 2486 1847 2565 trajicienti
1879 2483 2231 2569 Pompeius
2273 2482 2443 2564 iuxta
2477 2486 2657 2565 Scyl-

664 2568 790 2633 lam
848 2570 1175 2639 occurrit,
1246 2581 1688 2650 consertoque
1745 2568 1959 2627 navali
2056 2568 2305 2637 roelio‚
2377 2567 2444 2627 in
2497 2587 2658 2651 por.

663 2662 797 2711 tum
831 2652 1005 2713 freto
1037 2651 1395 2732 proximum
1428 2648 1694 2725 (Balaro
1739 2668 1972 2709 nomen
2009 2589 2164 2729 fuit)
2198 2650 2505 2709 retrusit:
2550 2670 2660 2712 au«-

666 2730 851 2795 dacia
888 2732 1199 2802 militum,
1246 2728 1676 2807 (exercitatos
1717 2731 1890 2793 enim
1927 2729 2128 2791 Afros
2169 2750 2386 2791 secum
2425 2730 2661 2814 Hispa·
2740 2726 2748 2735 ’

664 2832 963 2897 nosque„
1034 2826 1097 2874 et
1142 2813 1377 2873 multos
1426 2814 1736 2895 egrogios
1779 2831 1858 2874 ex
1889 2811 2064 2874 Italia
2119 2810 2298 2877 viros
2351 2810 2658 2892 habebat)

666 2907 733 2955 et
783 2895 1018 2977 peritia
1070 2894 1388 2977 xsemigum
1444 2895 1787 2989 superior,
1851 2913 2230 2979 quamquam
2275 2914 2547 2954 numero
2593 2906 2662 2955 et

664 2976 1109 3058 magnitudine
1164 2976 1419 3039 navium
1477 2976 1882 3043 vmcebatur.
1967 2978 2198 3061 Neque
2249 2987 2460 3037 tamen
2501 2996 2660 3059 pau-

666 3058 889 3129 ciores
932 3058 1076 3141 ipse
1116 3076 1314 3119 naves
1357 3058 1681 3121 amiserat.

792 3164 901 3227 IV.
964 3162 1096 3224 Sed
1138 3165 1409 3237 Caesar,
1477 3163 1590 3247 qui
1639 3186 1668 3224 s
1720 3176 2074 3229 eotatorem
2121 3176 2347 3245 egerat
2390 3159 2658 3244 proelii,

670 3260 797 3335 tam
824 3245 988 3307 duro
1021 3244 1351 3340 prinoipio
1386 3244 1651 3307 minime
1709 3259 1912 3313 aetus,
1959 3242 2281 3337 damnarit
2313 3244 2662 3304 consilium

668 3328 733 3397 vi
772 3326 1255 3407 transportandi
1297 3326 1554 3414 copias,
1605 3340 1671 3391 et
1695 3325 2050 3415 hliquoties
2093 3326 2394 3405 trajicere
2430 3324 2661 3390 furtim

557 3465 566 3473 .
668 3423 937 3473 conatus
968 3406 1089 3472 est:
1153 3408 1393 3475 robore
1428 3406 1766 3489 'legionum
1802 3426 2072 3489 sperans
2112 3406 2524 3489 superiorem
2555 3406 2662 3467 fo-

666 3511 783 3561 re,
848 3489 1041 3551 modo
1131 3500 1429 3553 enetrare
1471 3492 1536 3557 in
1581 3490 1852 3555 insulam
1886 3488 2189 3555 licuiffet.
2291 3488 2504 3582 Quum
2550 3486 2663 3549 ista

668 3592 928 3657 quoque
969 3512 1197 3637 srufira
1235 3584 1474 3639 tentata
1515 3592 1543 3631 s
1597 3592 1666 3639 es
1700 3571 1890 3643 effet,
1938 3568 2279 3651 dispositis
2317 3594 2348 3629 a
2378 3572 2664 3652 Pompe-

664 3654 730 3734 io
776 3652 981 3719 firmis
1033 3652 1274 3733 ubique
1318 3652 1536 3736 praesi
1589 3652 1702 3723 iis,
1765 3664 1832 3713 et
1873 3651 1953 3710 ad
2001 3650 2242 3712 bellum
2287 3652 2664 3711 transmari-

664 3736 816 3805 imm
846 3732 1125 3816 trepidis
1150 3735 1420 3798 Antonii
1448 3734 1664 3799 literis
1695 3746 2078 3809 vocaretur3
2125 3732 2270 3793 aliis
2297 3732 2666 3800 Italicarum

660 3816 1159 3904 'Sicularumque
1198 3834 1421 3879 rerum
1463 3814 1840 3879 demandata
1877 3834 2053 3887 cura,
2094 3812 2520 3875 Brundisium
2549 3834 2666 3877 na-

739 4024 881 4097 Cap.
913 4025 989 4078 11.
1028 4020 1289 4096 Appian.
1325 4018 1464 4075 Dio.
1536 4023 1618 4079 Ga
1667 4020 1814 4077 .111.
1857 4019 2108 4091 Appian.
2139 4028 2200 4073 et
2225 4018 2362 4073 Dio.
2401 4018 2664 4090 Appian-

669 4092 813 4226 ἓξ
854 4091 1120 4241 ἰέἔίἱέὲι..
1168 4090 1405 4221 θῑιῦἰα.
1459 4089 1590 4151 Ῑιὶν.
1681 4091 1793 4171 pit.
1847 4090 1986 4149 Dio.
2057 4086 2202 4165 Gap·
2237 4088 2344 4147 lv.
2399 4087 2666 4169 Appian-
