2892 4684
696 241 776 309 82
860 246 1262 313 FREINSH.
1290 241 2128 311 SUPPLEMENTORUM
2147 245 2609 310 LmLxxvl.

1711 383 1836 396 —--·

358 448 431 505 U·
464 464 519 507 ⁰·
548 451 672 520 7⁰4·
698 453 913 516 natori
932 453 1049 518 'vir
1074 453 1317 538 ingens
1331 451 1550 527 animi,
1596 465 1662 514 et
1693 452 1996 514 fortunae
2031 473 2186 515 suae
2225 468 2456 525 cuncta
2483 456 2686 518 ceffu-

302 529 310 534 ’
354 519 429 576 Δ·
464 522 532 577 0·
555 523 647 589 48·
698 558 769 598 ra
804 549 1069 618 putans,
1105 537 1269 620 Qid
1300 539 1478 605 times,
1521 533 1778 617 iuquit?
1827 535 2110 614 Caesarem
2134 537 2306 595 vehis.
2391 537 2494 597 Ad
2519 538 2682 600 hanc

695 638 927 681 vocem
964 618 1259 680 attonitis
1294 615 1627 686 omuibus,
1673 631 1740 678 et
1781 635 2038 684 summo,
2071 629 2305 678 conatu
2341 617 2684 680 intenden.

695 700 872 762 tibus
899 719 1165 772 nervos,
1208 697 1836 780 ostium‘superatum
1857 693 1974 757 est:
2019 698 2480 781 nequidquam.
2521 721 2682 763 ven·

694 793 800 842 tus
840 781 1012 843 enim
1046 779 1323 842 subinde
1361 779 1440 839 ad
1475 779 1630 841 litus
1668 777 2010 858 rejiciebat
2045 779 2369 855 lembum3
2431 780 2680 856 donec,

694 861 911 925 vicina
952 861 1077 941 jam
1120 863 1301 932 luce,
1361 861 1618 922 timenti
1652 859 2110 942 gubernatori,
2156 881 2239 922 ne
2279 861 2356 922 ab
2395 860 2684 926 hostibus

670 944 1275 1027 -couspicerentur,
1315 942 1562 1003 Caesar
1604 939 2014 1002 invitiffimus
2055 940 2280 1004 redire
2315 945 2638 1038 permisit.

355 1046 670 1131 §amenas
710 1105 715 1112 ,
816 1049 1023 1114 XXV.
1066 1047 1235 1132 Quia
1274 1061 1486 1108 tamen
1527 1046 1792 1107 omnino
1828 1046 2196 1128 faciendum
2233 1049 2529 1132 putabat,
2571 1065 2677 1124 ut,

314 1117 669 1200 '‘fb‘s'u’ffl'·
695 1129 907 1192 donec
941 1127 1470 1193 vehementiores
1507 1129 1686 1189 venti
1721 1129 1944 1201 effent‚
1993 1131 2334 1191 transitum
2358 1145 2686 1195 tentarent

316 1201 373 1302 ’ἶ
414 1201 473 1236 ”⁸
504 1187 668 1239 Grae.
697 1213 799 1273 sui
822 1254 839 1285 ,
884 1210 1009 1273 hoc
1040 1211 1315 1272 maxime
1344 1208 1583 1271 auxilio
1607 1212 2011 1304 pet-rupturi,
2059 1229 2222 1293 quos
2257 1213 2326 1272 in
2361 1215 2679 1297 tranquil-

310 1266 670 1390 }gzxffnm‘
694 1294 761 1354 lo
796 1293 959 1354 mari
992 1304 1243 1354 certum
1276 1289 1355 1352 ab
1387 1288 1880 1353 instructiss'imis
1913 1289 2184 1353 hostium
2211 1292 2510 1356 class’ibus
2541 1296 2679 1357 exi-

684 1369 857 1435 'tium
898 1373 1195 1455 manebat
1210 1396 1233 1454 3
1295 1369 1692 1434 Postumium
1733 1372 1798 1433 in
1842 1374 2086 1437 ltaliam
2126 1374 2306 1435 misit
2347 1395 2491 1436 cum
2539 1397 2574 1439 e
2625 1379 2678 1438 i-

661 1452 871 1518 'stolis
911 1455 1385 1518 severioribus.
1466 1455 1704 1516 Plures
1739 1455 1912 1515 enim
1954 1455 2262 1528 dederat,
2307 1469 2416 1532 ut,
2463 1459 2518 1518 si
2552 1400 2618 1522 ἕ
2649 1495 2680 1512 -

692 1535 953 1612 binius,
998 1550 1107 1599 aut
1137 1535 1501 1608 Antonius,
1548 1549 1655 1596 aut
1681 1535 1963 1598 Ralenus
1999 1550 2491 1614 cunctarentur,
2536 1543 2681 1624 qui-

692 1618 817 1680 hus
860 1633 1045 1682 erant
1078 1620 1340 1702 priores
1376 1617 1729 1678 tradendae
1768 1617 2035 1692 literae,
2080 1618 2440 1704 Ppssumius
2482 1620 2681 1684 habe—

677 1713 835 1772 .ret,
884 1723 1041 1784 quas
1084 1701 1395 1764 exhibere
1438 1698 1760 1762 militibus
1801 1701 2043 1782 poll'et,
2107 1701 2343 1785 quibus
2385 1722 2531 1763 eum
2573 1723 2682 1766 se-

638 1793 649 1811 ¹
697 1781 846 1864 qui,
892 1770 1215 1866 qudtquot
1257 1781 1630 1853 voluiss'ent‚
1673 1780 2090 1860 jubebantur.-
2165 1783 2528 1867 Imperabat
2569 1808 2682 1846 au-

695 1874 827 1937 tem
848 1906 865 1937 ,
910 1882 1125 1944 quauao
1154 1883 1356 1946 portus
1390 1863 1459 1923 ab
1491 1864 1823 1944 adversariis
1857 1867 2182 1925 tenebantur
2201 1906 2218 1938 ,
2263 1887 2326 1930 ut
2351 1870 2424 1925 ad
2450 1869 2680 1947 Apollo·-

693 1949 925 2004 niarium
964 1943 1137 2004 litora
1174 1948 1434 2027 ejicerent
1473 1963 1672 2004 naves:
1715 1963 1903 2005 earum
1923 1949 2158 2025 jactura
2219 1948 2246 2006 'e
2278 1945 2416 2006 nihil
2450 1969 2677 2008 commo-

694 2029 814 2086 veri
832 2073 851 2102 ‚
898 2025 1051 2084 modo
1089 2033 1235 2086 viros
1269 2025 1495 2097 habeat,
1537 2045 1640 2104 per
1665 2046 1796 2105 quos
1827 2026 2049 2108 adiptfii
2081 1953 2238 2106 possaelt
2269 2032 2468 2091 omnia.
2553 2029 2679 2091 Ce-

694 2118 905 2168 terum
945 2107 1297 2192 Gabinius,
1356 2130 1393 2169 a
1440 2106 1804 2190 navigando
1847 2107 2244 2183 abhorrens,
2305 2111 2506 2194 longo
2549 2111 2680 2172 cir.-

690 2189 935 2250 eumitu
982 2201 1103 2272 p‘er
1147 2192 1472 2273 Illyricum
1521 2189 1786 2272 copias,
1833 2189 2066 2273 quibus
2107 2207 2443 2275 praeerat,
2504 2192 2680 2255 insti·

690 2270 817 2331 tuit
849 2271 1112 2333 ducere.
1198 2272 1522 2335 Antonius
1561 2285 1630 2332 et
1655 2270 1934 2332 Ralenus
2022 2272 2194 2334 otius
2229 2291 2375 2334 cum
2412 2275 2677 2358 pericu-

686 2349 756 2411 lo
800 2353 1173 2418 tentandum
1212 2354 1480 2416 brevius
1521 2353 1653 2414 iter
1693 2293 2166 2426 existimabant,
2207 2357 2400 2439 'quam
2437 2356 2518 2416 ad
2555 2357 2678 2415 im·

582 2431 594 2442 ‘
686 2435 946 2516 perium
986 2449 1051 2498 et
1084 2437 1525 2500 neceffitatem
1557 2436 1857 2498 Caesaris
1897 2437 2109 2498 serius
2153 2456 2527 2498 occurrere.
2591 2439 2682 2498 Et

686 2529 830 2578 erat
876 2538 1118 2579 summa
1167 2519 1445 2581 militum
1494 2519 1832 2589 alacritas,
1892 2531 1958 2578 et
2011 2519 2088 2578 ad
2132 2521 2474 2580 Caesarem
2521 2538 2680 2600 pro-

678 2595 1031 2661 -ficiscendi
1068 2602 1301 2678 ard0r3
1348 2621 1578 2663 eorum
1617 2599 1846 2672 etiam,
1895 2601 2006 2682 qui
2046 2601 2261 2682 paullo
2299 2614 2445 2661 ante
2483 2620 2555 2661 se
2587 2601 2680 2660 la-

686 2679 959 2744 boribus
994 2684 1241 2746 sraotos
1280 2683 1481 2762 objici
1520 2681 1872 2766 periculis,
1931 2695 2163 2766 quanta
2197 2681 2538 2743 firmiffimi
2570 2679 2680 2743 vix

688 2763 1004 2827 sustinere
1039 2757 1326 2850 poll'ff'nt,
1374 2778 1560 2843 erant
1594 2764 1819 2850 questi.
1900 2761 2120 2860 Quare
2163 2765 2430 2826 minimo
2472 2773 2678 2848 n'ego-

689 2847 784 2907 tio
830 2863 1298 2932 persuaserunt
1340 2848 1423 2911 iis
1471 2847 1713 2919 duces,
1782 2859 1886 2919 ut,
1947 2843 2178 2910 Austro
2220 2843 2459 2920 flante,
2522 2865 2682 2908 con·

692 2931 1085 2994 scenam-ent
1115 2952 1313 2995 naves
1336 2973 1354 3004 ,
1382 2942 1605 3022 =seque
1642 2927 1948 2994 fluctibus
1987 2929 2342 2991 traderent.

298 3015 671 3114 *affluamus
812 3029 1047 3102 XXVI.
1113 3043 1288 3102 Inter
1322 3040 1483 3101 haec
1522 3037 1914 3121 Pompeius,
1976 3048 2080 3109 ut,
2136 3035 2516 3117 priusquam
2565 3055 2684 3095 au-

312 3109 661 3179 ditselstfm·
693 3121 936 3184 otiores
978 3123 1205 3206 copiae
1244 3123 1541 3185 Caesaris
1577 3117 1846 3190 fierent,
1893 3129 2250 3199 pugnaret,
2302 3116 2542 3175 iterum
2577 3117 2681 3174 in.

689 3201 983 3265 structam
1024 3203 1226 3266 aciem
1264 3203 1688 3266 transducere
1725 3213 2035 3270 conatus,
2088 3199 2351 3282 incepto
2402 3209 2680 3280 repente

689 3283 967 3359 destitit,
1012 3287 1422 3382 ring-entibus
1461 3287 1797 3356 omnibus,
1845 3298 1911 3346 et
1947 3279 2450 3364 pulcherrimam
2491 3273 2678 3339 oc'ca-

689 3369 943 3429 sionem
998 3367 1238 3430 «limati
1290 3369 1696 3448 jactantibus.
1803 3369 1938 3431 Sed
1987 3362 2344 3423 deterritus
2396 3360 2676 3420 adverso

688 3447 905 3510 omine
956 3449 1205 3523 suerat,
1274 3449 1425 3534 quia
1473 3450 1602 3512 duo
1657 3451 1900 3512 milites
1947 3443 2177 3511 vadum
2226 3454 2568 3536 tentantes·
2597 3441 2677 3500 ab

688 3529 1078 3592 Caesariano
1136 3552 1264 3593 uno
1318 3547 1505 3594 erant
1552 3532 1954 3614 interempti.
2004 3565 2010 3576 ·
2053 3529 2340 3606 Namque
2388 3522 2674 3615 felicitas

689 3612 987 3680 Caesaris
1036 3613 1285 3686 omnia,
1353 3614 1545 3674 etiam
1593 3627 1840 3686 temere
1886 3625 2154 3696 coepta,
2212 3607 2282 3664 5¹¹
2325 3602 2564 3666 bonum
2611 3623 2675 3664 ⁰¹

686 3693 1005 3754 vertebat.
1092 3697 1311 3776 Itaque
1360 3713 1427 3756 et
1472 3693 1946 3756 audacifflruum
1997 3693 2136 3773 ejus
2183 3700 2518 3768 coeptum,
2577 3685 2674 3745 le·

689 3774 922 3858 giones
957 3774 1235 3837 hiberno
1270 3777 1431 3838 mari
1465 3774 1935 3857 transjiciendi,
1978 3785 2108 3836 n'on
2145 3773 2502 3836 incolumes
2535 3785 2677 3828 mo-

757 3933 907 4005 Cap.
938 3935 1145 3988 XXIV.
1183 3931 1339 3987 Plut.
1376 3925 1677 4006 Apophth.
1715 3933 1885 3988 Rom.
1924 3943 1985 3987 et
2017 3933 2188 3988 Caes.
2237 3930 2375 3983 Dio.
2415 3927 2671 4000 Appian.

685 4003 854 4055 Flor.
925 4003 1071 4074 Cap.
1100 4003 1279 4058 XXV.
1331 4005 1500 4060 Caes.
1535 4003 1794 4076 Appianp.
1833 4002 2003 4056 Caes.
2043 3999 2296 4070 Appiam.
2343 4000 2512 4055 Caes.
2554 3999 2697 4069 Aps--

737 4069 854 4123 ian.
904 4071 1056 4125 Plut.
1102 4071 1320 4126 Anton.
1361 4074 1408 4125 Α
1456 4073 1618 4143 pian.
1660 4073 1829 4129 Caes.
1868 4069 2022 4128 Plut.
2059 4072 2248 4147 Caes..
2277 4068 2446 4124 Caes.
2520 4069 2668 4140 Cap.

662 4182 672 4195 .
747 4139 902 4197 XVI.
941 4140 1195 4214 Appiam
1234 4140 1369 4200 Dio.
1457 4159 1576 4197 aes.
