2892 4684
918 842 1504 949 :toflANle
1597 866 2373 948 rnmNSHEMu

736 1040 1454 1123 surr-tammonem
1491 1062 1968 1155 μνιΑΝοῑωΜ
2005 1064 2227 1122 mnan
2257 1062 2578 1129 Lxxvm.

970 1226 1061 1290 m
1100 1226 1406 1293 Locum
1448 1228 1684 1291 me
1721 1228 1948 1329 'cxnt
1996 1231 2072 1294 T.
2103 1229 2329 1296 L1v11.

322 1448 397 1506 U·
436 1448 635 1519 ⁰0703·
780 1456 828 1516 1.
874 1455 1149 1532 Caesar,
1191 1458 1534 1545 Aegyptiis
1569 1459 1648 1522 ad
1682 1455 2078 1520 deditionem
2115 1458 2394 1533 coactis,
2441 1480 2636 1544 quum

324 1523 399 1574 Α·
422 1522 489 1575 0⁶
521 1525 610 1601 47·
660 1536 1058 1618 provinciam
1092 1539 1311 1603 facere
1340 1542 1568 1625 poss'et,
1617 1558 1924 1603 novarum
1965 1539 2218 1601 scilicet
2247 1560 2467 1603 rerum
2503 1564 2638 1604 me.

286 1594 633 1713 ‘52'522'’
658 1630 765 1691 tu,
812 1620 867 1679 si
902 1619 1091 1683 forte·
1115 1638 1299 1685 nacta
1330 1622 1748 1703 violentioris
1784 1621 2030 1704 ingenii
2067 1622 2433 1703 praesidem
2471 1622 2638 1687 fuis·

288 1678 579 1799 {luzum
660 1712 793 1771 set,
852 1701 1098 1765 noluit:
1160 1724 1393 1769 revera
1449 1705 1808 1789 praemium
1859 1702 2198 1767 libidinum
2251 1703 2636 1787 Cleopatrae

282 1799 589 1856 amma,
659 1778 876 1855 dedit,
933 1780 1153 1863 juncto
1204 1786 1275 1845 in
1322 1786 1799 1848 matrimonium
1843 1804 2244 1869 regnumque
2289 1786 2634 1868 superstite

654 1862 1070 1939 Ptolemaeo,
1115 1867 1228 1951 qui
1263 1887 1430 1951 puer
1468 1867 1808 1930 admodum
1847 1866 2059 1926 mariti
2099 1868 2278 1951 regis
2332 1887 2410 1928 ue
2451 1866 2634 1929 sufii-

654 1958 845 2006 neret
878 1966 1136 2021 nomen,
1182 1968 1385 2032 opere
1418 1951 1840 2045 potentiaque
1867 1948 2128 2009 Caesari
2162 1964 2228 2011 et
2253 1954 2300 2011 C
2329 1961 2633 2032 eopatrae

658 2024 923 2088 relicta:
997 2028 1158 2090 adeo
1204 2050 1336 2091 non
1379 2028 1801 2093 diss‘imulatus
1844 2028 2130 2101 adulter,
2191 2045 2258 2093 ut
2313 2042 2378 2091 et
2426 2032 2632 2092 conti-

658 2127 790 2168 nuo
825 2128 1043 2170 secum
1078 2110 1349 2173 haberet
1374 2113 1690 2195 reginam,
1735 2124 1802 2172 et
1833 2110 2131 2175 convivia
2169 2132 2361 2195 saepe
2397 2111 2466 2170 in
2495 2110 2634 2197 pri-

659 2209 826 2249 mam
863 2190 1073 2253 lucem
1119 2212 1261 2254 cum
1305 2212 1380 2255 ea
1416 2194 1872 2277 protraheret:
1939 2192 2258 2276 denique,
2315 2212 2436 2275 per
2483 2214 2632 2277 spe-

660 2271 829 2331 ciem
893 2274 1385 2357 cognoscendae
1448 2276 1888 2361 antiquitatis,
1955 2274 2178 2336 eadem
2235 2274 2630 2358 thalamego,

660 2354 1081 2436 sequentibus
1118 2358 1388 2419 navibus
1423 2358 1948 2441 quadringentis,
1993 2356 2143 2418 Nilo
2181 2354 2444 2417 flumine
2481 2356 2632 2417 sub-
2686 2369 2695 2378 ·

656 2435 790 2507 iit,
826 2436 925 2496 vel
968 2436 1045 2498 a'd
1078 2438 1317 2500 Aethio
1367 2440 1492 2504 iam
1526 2452 2002 2523 penetraturus,
2046 2438 2116 2497 ni
2155 2437 2341 2521 sequi
2380 2438 2631 2499 exerci-

542 2580 549 2585 ,
658 2528 765 2576 tus
814 2519 1183 2580 recusass'et.
1268 2523 1324 2579 'l'
1373 2522 1696 2603 alamegos
1750 2520 2056 2602 princeps
2111 2518 2360 2581 invenit
2411 2520 2633 2581 Ptole·-

658 2616 881 2658 maeus
928 2599 1351 2683 Philopator,
1412 2622 1488 2663 ea
1527 2600 1871 2673 structura,
1979 2620 2123 2661 uam
2173 2596 2466 2663 accurata
2517 2602 2633 2662 de-

662 2680 1021 2763 scriptione
1067 2682 1431 2743 callixenus
1478 2695 1872 2779 exaequatus
1912 2702 1949 2742 e
2004 2724 2022 2741 .
2105 2686 2333 2767 Neque
2382 2682 2636 2744 dubita-

657 2772 805 2834 tur,
856 2776 964 2823 aut
996 2762 1239 2823 diutius
1276 2762 1622 2825 haesurum
1660 2786 1726 2824 in
1759 2764 2052 2847 Aegypto
2087 2764 2464 2837 Caesarem,
2527 2778 2634 2826 aut

662 2862 883 2941 {ecum
922 2843 1347 2905 deducturum
1385 2846 1560 2907 illam
1595 2844 1780 2907 fuiffe
1803 2888 1820 2921 ,
1879 2846 2009 2906 nisi
2041 2843 2487 2931 intervenill'et
2523 2866 2634 2910 co-

660 2924 929 2990 ercendi
965 2924 1315 2999 Pharnacis
1349 2929 1710 2990 necess'itas.

298 3040 637 3095 tnaeeoneen.
784 3034 862 3093 11.
921 3031 1175 3095 Idcirco
1220 3033 1492 3099 abducta
1531 3055 1612 3096 ex
1647 3052 1855 3117 regno
1886 3032 2204 3105 Arsinoe,
2249 3052 2332 3094 ne
2375 3028 2636 3095 molesta

288 3112 373 3165 du
396 3111 455 3163 ὓ·
480 3108 635 3181 Syn·-
663 3112 880 3175 sorori
922 3114 1115 3187 ess'et‚
1178 3116 1479 3200 legiones
1535 3115 1690 3178 duas
1741 3114 2010 3198 reliquit
2061 3114 2390 3198 praesidio
2443 3114 2633 3175 novis

289 3195 403 3236 ⁶¹⁸·
659 3194 961 3278 regibus,
1009 3197 1195 3257 simul
1248 3218 1328 3259 ue
1367 3198 1725 3270 custodiae,
1770 3218 1854 3257 ne
1889 3218 2010 3281 qua
2049 3196 2395 3260 occasione
2429 3208 2636 3256 muta-

656 3298 733 3339 re
774 3278 1054 3338 animum
1095 3298 1181 3362 po
1236 3293 1368 3341 ent.
1435 3281 1581 3364 ipse
1619 3286 1768 3341 cum'
1805 3294 1982 3340 sexta
2019 3294 2320 3341 veterana
2352 3273 2634 3361 pedestri

655 3358 899 3420 itinere
936 3360 1276 3423 contendit
1311 3362 1377 3422 in
1418 3362 1687 3444 Syriam.
1771 3362 1869 3421 Ibi
1909 3360 2318 3430 civitatibus,
2362 3378 2635 3442 quarum

606 3511 613 3519 Β
656 3440 914 3501 auxiliis
962 3439 1214 3519 adjutus
1252 3436 1507 3515 fuerat,
1565 3462 1788 3525 magna
1834 3440 2148 3503 beneficia
2191 3440 2452 3501 tribuit:
2515 3442 2634 3501 Ju-

654 3518 836 3582 daeis
868 3522 1219 3617 praecipue
1240 3566 1258 3596 ,
1302 3545 1577 3607 quorum
1611 3522 2042 3607 principatum
2077 3520 2356 3583 firmavit
2387 3522 2635 3600 Hyrca-

650 3622 774 3673 no,
842 3604 1167 3664 civitatem
1207 3608 1554 3666 Romanam
1611 3624 1752 3668 cum
1793 3602 2192 3668 immunitate
2234 3602 2416 3664 dedit
2443 3601 2634 3663 Anti-

700 3697 879 3759 atro,
923 3698 1268 3768 utrumq-ue
1306 3685 1589 3747 absolvit
1627 3686 1953 3747 incusatos
1995 3686 2073 3747 ab
2107 3682 2456 3748 Aristobuli
2493 3680 2633 3743 filio

716 3766 985 3850 ntigono
1006 3806 1026 3843 ‚
1070 3781 1692 3851 procuratoremque
1731 3766 2013 3830 Judaeae
2056 3766 2405 3831 declaravit
2440 3764 2631 3826 Anti·

726 3956 873 4027 Cap.
906 3957 955 4011 1.
1006 3954 1256 4012 Sueton.
1292 3952 1462 4009 Caes.
1499 3972 1553 4008 c.
1580 3952 1672 4010 35.
1707 3952 1844 4019 Dio,
1873 3954 2023 4023 ιφ.
2061 3954 2212 4011 Plut.
2253 3952 2422 4009 Caes.
2467 3952 2629 4011 Birt.

656 4023 733 4079 de
763 4027 833 4079 B.
864 4026 1029 4081 Alex.
1072 4026 1330 4097 Appiani.
1376 4022 1552 4080 Civil.
1585 4021 1704 4081 La.
1761 4023 1896 4079 Dio.
1951 4026 2195 4080 Sueton.
2241 4022 2412 4078 Caes.
2449 4040 2503 4078 c.
2533 4026 2629 4081 62.

660 4092 913 4166 Appian.
954 4096 1202 4151 Sueton.
1240 4091 1457 4147 Athen.
1485 4096 1550 4160 ὅ,
1583 4111 1639 4165 9.
1675 4092 1813 4145 Dio.
1886 4094 2034 4169 Cap.
2064 4096 2145 4152 n.
2191 4091 2347 4149 Birt.
2385 4090 2628 4168 Josoph.

656 4160 857 4239 Autiq.
889 4168 969 4235 14,
992 4168 1083 4224 15.
1115 4174 1175 4221 et
1204 4161 1285 4219 de
1309 4164 1381 4217 B.
1414 4160 1548 4219 Jud.
1589 4180 1638 4231 i,
1671 4178 1727 4232 7·
1763 4170 1822 4217 et
1848 4162 1907 4221 8.
