<?xml version="1.0" encoding="UTF-8"?>
<!DOCTYPE html PUBLIC "-//W3C//DTD XHTML 1.0 Transitional//EN"
    "http://www.w3.org/TR/xhtml1/DTD/xhtml1-transitional.dtd">
<html xmlns="http://www.w3.org/1999/xhtml" xml:lang="en" lang="en">
 <head>
  <title>
</title>
<meta http-equiv="Content-Type" content="text/html;charset=utf-8" />
  <meta name='ocr-system' content='tesseract 3.04.00' />
  <meta name='ocr-capabilities' content='ocr_page ocr_carea ocr_par ocr_line ocrx_word'/>
</head>
<body>
  <div class='ocr_page' id='page_1' title='image "./tliviipatavinih25unkngoog_0795.png"; bbox 0 0 2892 4684; ppageno 0'>
   <div class='ocr_carea' id='block_1_1' title="bbox 873 207 2395 364">
    <p class='ocr_par' dir='ltr' id='par_1_1' title="bbox 873 207 2395 364">
     <span class='ocr_line' id='line_1_1' title="bbox 873 207 2395 364; baseline 0.007 -43"><span class='ocrx_word' id='word_1_1' title='bbox 873 207 1747 364; x_wconf 66' lang='lat' dir='ltr'>&#39;w.1,1v:11.›‘</span> <span class='ocrx_word' id='word_1_2' title='bbox 2240 249 2395 355; x_wconf 79' lang='lat'>807</span> 
     </span>
    </p>
   </div>
   <div class='ocr_carea' id='block_1_2' title="bbox 135 480 2399 1070">
    <p class='ocr_par' dir='ltr' id='par_1_2' title="bbox 135 480 2397 580">
     <span class='ocr_line' id='line_1_2' title="bbox 135 480 2397 580; baseline -0.002 -20"><span class='ocrx_word' id='word_1_3' title='bbox 135 487 468 566; x_wconf 77' lang='lat' dir='ltr'>Malum</span> <span class='ocrx_word' id='word_1_4' title='bbox 507 509 732 555; x_wconf 86' lang='lat' dir='ltr'>omen</span> <span class='ocrx_word' id='word_1_5' title='bbox 767 480 889 567; x_wconf 74' lang='lat' dir='ltr'>est,</span> <span class='ocrx_word' id='word_1_6' title='bbox 948 480 1244 580; x_wconf 83' lang='lat' dir='ltr'>quoties</span> <span class='ocrx_word' id='word_1_7' title='bbox 1272 485 1541 570; x_wconf 84' lang='lat' dir='ltr'>Aetna,</span> <span class='ocrx_word' id='word_1_8' title='bbox 1598 506 1817 554; x_wconf 85' lang='lat' dir='ltr'>mons</span> <span class='ocrx_word' id='word_1_9' title='bbox 1847 482 2187 572; x_wconf 80' lang='lat' dir='ltr'>Siciliae,</span> <span class='ocrx_word' id='word_1_10' title='bbox 2237 507 2397 555; x_wconf 89' lang='lat' dir='ltr'>non</span> 
     </span>
    </p>

    <p class='ocr_par' dir='ltr' id='par_1_3' title="bbox 177 582 2399 768">
     <span class='ocr_line' id='line_1_3' title="bbox 177 582 2398 682; baseline -0.001 -24"><span class='ocrx_word' id='word_1_11' title='bbox 177 622 194 640; x_wconf 63' lang='grc' dir='ltr'><em>ι</em></span> <span class='ocrx_word' id='word_1_12' title='bbox 277 585 615 672; x_wconf 74' lang='lat' dir='ltr'>fu&#39;mum,</span> <span class='ocrx_word' id='word_1_13' title='bbox 671 582 804 655; x_wconf 87' lang='lat' dir='ltr'>sed</span> <span class='ocrx_word' id='word_1_14' title='bbox 847 583 1313 670; x_wconf 79' lang='lat' dir='ltr'>flammarum,</span> <span class='ocrx_word' id='word_1_15' title='bbox 1353 584 1592 682; x_wconf 83' lang='lat' dir='ltr'>egerit</span> <span class='ocrx_word' id='word_1_16' title='bbox 1634 582 1944 682; x_wconf 80' lang='lat' dir='ltr'>globos:</span> <span class='ocrx_word' id='word_1_17' title='bbox 1996 600 2113 672; x_wconf 88' lang='lat' dir='ltr'>et,</span> <span class='ocrx_word' id='word_1_18' title='bbox 2166 600 2249 656; x_wconf 87' lang='lat' dir='ltr'>ut</span> <span class='ocrx_word' id='word_1_19' title='bbox 2286 583 2398 656; x_wconf 91' lang='lat' dir='ltr'>di-</span> 
     </span>
     <span class='ocr_line' id='line_1_4' title="bbox 280 683 2399 768; baseline -0.001 -9"><span class='ocrx_word' id='word_1_20' title='bbox 280 686 394 760; x_wconf 88' lang='lat' dir='ltr'>cit</span> <span class='ocrx_word' id='word_1_21' title='bbox 434 683 716 768; x_wconf 78' lang='lat' dir='ltr'>Livius,</span> <span class='ocrx_word' id='word_1_22' title='bbox 769 699 979 754; x_wconf 82' lang='lat' dir='ltr'>tanta</span> <span class='ocrx_word' id='word_1_23' title='bbox 1015 683 1310 756; x_wconf 78' lang='lat' dir='ltr'>flamma</span> <span class='ocrx_word' id='word_1_24' title='bbox 1354 703 1527 758; x_wconf 84' lang='lat' dir='ltr'>ante</span> <span class='ocrx_word' id='word_1_25' title='bbox 1570 701 1885 768; x_wconf 85' lang='lat' dir='ltr'>mortem</span> <span class='ocrx_word' id='word_1_26' title='bbox 1923 683 2268 760; x_wconf 79' lang='lat' dir='ltr'>Caesaris</span> <span class='ocrx_word' id='word_1_27' title='bbox 2310 709 2399 756; x_wconf 84' lang='lat' dir='ltr'>ex</span> 
     </span>
    </p>

    <p class='ocr_par' dir='ltr' id='par_1_4' title="bbox 169 783 2393 1070">
     <span class='ocr_line' id='line_1_5' title="bbox 169 783 2393 870; baseline -0.003 -10"><span class='ocrx_word' id='word_1_28' title='bbox 169 789 186 799; x_wconf 81' lang='grc'><strong>“</strong></span> <span class='ocrx_word' id='word_1_29' title='bbox 283 791 539 860; x_wconf 84' lang='lat' dir='ltr'>Aetna</span> <span class='ocrx_word' id='word_1_30' title='bbox 582 801 836 856; x_wconf 75' lang='lat' dir='ltr'>monte</span> <span class='ocrx_word' id='word_1_31' title='bbox 877 783 1222 870; x_wconf 80' lang='lat' dir='ltr'>defluxit,</span> <span class='ocrx_word' id='word_1_32' title='bbox 1273 803 1357 855; x_wconf 88' lang='lat' dir='ltr'>nt</span> <span class='ocrx_word' id='word_1_33' title='bbox 1397 811 1553 856; x_wconf 88' lang='lat' dir='ltr'>non</span> <span class='ocrx_word' id='word_1_34' title='bbox 1598 803 1885 858; x_wconf 84' lang='lat' dir='ltr'>tantum</span> <span class='ocrx_word' id='word_1_35' title='bbox 1936 784 2393 858; x_wconf 79' lang='lat' dir='ltr'>vicinaenr·</span> 
     </span>
     <span class='ocr_line' id='line_1_6' title="bbox 287 883 2393 986; baseline -0.001 -28"><span class='ocrx_word' id='word_1_36' title='bbox 287 885 468 970; x_wconf 85' lang='lat' dir='ltr'>bes,</span> <span class='ocrx_word' id='word_1_37' title='bbox 539 884 674 955; x_wconf 84' lang='lat' dir='ltr'>sed</span> <span class='ocrx_word' id='word_1_38' title='bbox 710 884 930 954; x_wconf 88' lang='lat' dir='ltr'>etiam</span> <span class='ocrx_word' id='word_1_39' title='bbox 969 884 1304 978; x_wconf 72' lang='lat' dir='ltr'>Rhegina</span> <span class='ocrx_word' id='word_1_40' title='bbox 1354 886 1651 975; x_wconf 83' lang='lat' dir='ltr'>civitas,</span> <span class='ocrx_word' id='word_1_41' title='bbox 1709 909 1903 984; x_wconf 86' lang='lat' dir='ltr'>quae</span> <span class='ocrx_word' id='word_1_42' title='bbox 1946 883 2181 956; x_wconf 85' lang='lat' dir='ltr'>multo</span> <span class='ocrx_word' id='word_1_43' title='bbox 2221 899 2393 986; x_wconf 73' lang='lat' dir='ltr'>spa-</span> 
     </span>
     <span class='ocr_line' id='line_1_7' title="bbox 279 981 1434 1070; baseline 0.001 -13"><span class='ocrx_word' id='word_1_44' title='bbox 279 985 398 1058; x_wconf 90' lang='lat' dir='ltr'>tio</span> <span class='ocrx_word' id='word_1_45' title='bbox 443 984 540 1056; x_wconf 87' lang='lat' dir='ltr'>ab</span> <span class='ocrx_word' id='word_1_46' title='bbox 573 1010 662 1056; x_wconf 83' lang='lat' dir='ltr'>ea</span> <span class='ocrx_word' id='word_1_47' title='bbox 701 981 952 1070; x_wconf 76' lang='lat' dir='ltr'>distat,</span> <span class='ocrx_word' id='word_1_48' title='bbox 1009 983 1434 1058; x_wconf 68' lang='lat' dir='ltr'>adflat-etur.</span> 
     </span>
    </p>
   </div>
   <div class='ocr_carea' id='block_1_3' title="bbox 359 1079 2497 1230">
    <p class='ocr_par' dir='ltr' id='par_1_5' title="bbox 359 1079 2497 1230">
     <span class='ocr_line' id='line_1_8' title="bbox 359 1079 2497 1170; baseline -0.006 -14"><span class='ocrx_word' id='word_1_49' title='bbox 359 1097 535 1156; x_wconf 75' lang='lat' dir='ltr'>Serv.</span> <span class='ocrx_word' id='word_1_50' title='bbox 571 1094 656 1150; x_wconf 82' lang='lat' dir='ltr'>ad</span> <span class='ocrx_word' id='word_1_51' title='bbox 687 1095 856 1168; x_wconf 74' lang='lat' dir='ltr'>Vir-g.</span> <span class='ocrx_word' id='word_1_52' title='bbox 891 1095 1003 1151; x_wconf 70' lang='lat' dir='ltr'>lib.</span> <span class='ocrx_word' id='word_1_53' title='bbox 1025 1098 1080 1152; x_wconf 85' lang='lat'>1.</span> <span class='ocrx_word' id='word_1_54' title='bbox 1111 1095 1339 1170; x_wconf 73' lang='lat' dir='ltr'>Geor-g.</span> <span class='ocrx_word' id='word_1_55' title='bbox 1377 1115 1535 1154; x_wconf 73' lang='lat' dir='ltr'>vers.</span> <span class='ocrx_word' id='word_1_56' title='bbox 1566 1093 1711 1164; x_wconf 69' lang='lat'>471·</span> <span class='ocrx_word' id='word_1_57' title='bbox 1755 1081 2041 1148; x_wconf 80' lang='lat' dir='ltr'>Videtur</span> <span class='ocrx_word' id='word_1_58' title='bbox 2077 1079 2207 1146; x_wconf 81' lang='lat' dir='ltr'>boc</span> <span class='ocrx_word' id='word_1_59' title='bbox 2240 1101 2401 1166; x_wconf 78' lang='lat' dir='ltr'>per·-</span> <span class='ocrx_word' id='word_1_60' title='bbox 2486 1097 2497 1108; x_wconf 81' lang='grc'><em>“</em></span> 
     </span>
     <span class='ocr_line' id='line_1_9' title="bbox 439 1165 2400 1230; baseline 0 -4"><span class='ocrx_word' id='word_1_61' title='bbox 439 1165 659 1226; x_wconf 86' lang='lat' dir='ltr'>tinere</span> <span class='ocrx_word' id='word_1_62' title='bbox 711 1166 792 1226; x_wconf 84' lang='lat' dir='ltr'>ad</span> <span class='ocrx_word' id='word_1_63' title='bbox 842 1166 1142 1228; x_wconf 79' lang='lat' dir='ltr'>eumdem</span> <span class='ocrx_word' id='word_1_64' title='bbox 1187 1166 1360 1230; x_wconf 84' lang='lat' dir='ltr'>Livii</span> <span class='ocrx_word' id='word_1_65' title='bbox 1407 1168 1521 1230; x_wconf 87' lang='lat' dir='ltr'>lib.</span> <span class='ocrx_word' id='word_1_66' title='bbox 1560 1187 1730 1230; x_wconf 76' lang='lat' dir='ltr'>cxvi.</span> <span class='ocrx_word' id='word_1_67' title='bbox 1834 1183 1917 1226; x_wconf 89' lang='lat' dir='ltr'>uo</span> <span class='ocrx_word' id='word_1_68' title='bbox 1968 1185 2101 1226; x_wconf 91' lang='lat' dir='ltr'>non</span> <span class='ocrx_word' id='word_1_69' title='bbox 2151 1179 2400 1228; x_wconf 84' lang='lat' dir='ltr'>tantum</span> 
     </span>
    </p>
   </div>
   <div class='ocr_carea' id='block_1_4' title="bbox 421 1248 2495 1662">
    <p class='ocr_par' dir='ltr' id='par_1_6' title="bbox 421 1248 2495 1662">
     <span class='ocr_line' id='line_1_10' title="bbox 421 1248 2399 1332; baseline 0.001 -26"><span class='ocrx_word' id='word_1_70' title='bbox 421 1251 718 1308; x_wconf 81' lang='lat' dir='ltr'>&#39;mortem</span> <span class='ocrx_word' id='word_1_71' title='bbox 754 1249 1088 1317; x_wconf 79' lang='lat' dir='ltr'>Caesaris,</span> <span class='ocrx_word' id='word_1_72' title='bbox 1139 1248 1255 1311; x_wconf 80' lang='lat' dir='ltr'>sed</span> <span class='ocrx_word' id='word_1_73' title='bbox 1292 1250 1483 1311; x_wconf 83' lang='lat' dir='ltr'>etiam</span> <span class='ocrx_word' id='word_1_74' title='bbox 1507 1293 1523 1320; x_wconf 86' lang='lat'>‚</span> <span class='ocrx_word' id='word_1_75' title='bbox 1552 1269 1736 1332; x_wconf 66' lang='lat' dir='ltr'>,quae</span> <span class='ocrx_word' id='word_1_76' title='bbox 1774 1269 1809 1308; x_wconf 89' lang='lat' dir='ltr'>e</span> <span class='ocrx_word' id='word_1_77' title='bbox 1872 1249 2173 1332; x_wconf 84' lang='lat' dir='ltr'>proxime</span> <span class='ocrx_word' id='word_1_78' title='bbox 2206 1267 2399 1332; x_wconf 82' lang='lat' dir='ltr'>prae-</span> 
     </span>
     <span class='ocr_line' id='line_1_11' title="bbox 443 1327 2495 1414; baseline 0 -24"><span class='ocrx_word' id='word_1_79' title='bbox 443 1343 826 1402; x_wconf 86' lang='lat' dir='ltr'>cesserunt,</span> <span class='ocrx_word' id='word_1_80' title='bbox 894 1329 1285 1414; x_wconf 72' lang='lat' dir='ltr'>descripsit,</span> <span class='ocrx_word' id='word_1_81' title='bbox 1355 1346 1426 1393; x_wconf 89' lang='lat' dir='ltr'>ut</span> <span class='ocrx_word' id='word_1_82' title='bbox 1476 1353 1553 1392; x_wconf 85' lang='lat' dir='ltr'>ex</span> <span class='ocrx_word' id='word_1_83' title='bbox 1600 1345 1868 1392; x_wconf 81' lang='lat' dir='ltr'>auctore</span> <span class='ocrx_word' id='word_1_84' title='bbox 1904 1330 2082 1414; x_wconf 89' lang='lat' dir='ltr'>Epit.</span> <span class='ocrx_word' id='word_1_85' title='bbox 2132 1327 2396 1392; x_wconf 77' lang='lat' dir='ltr'>constat.</span> <span class='ocrx_word' id='word_1_86' title='bbox 2486 1348 2495 1358; x_wconf 90' lang='lat'><strong>·</strong></span> 
     </span>
     <span class='ocr_line' id='line_1_12' title="bbox 443 1410 2399 1497; baseline 0.001 -27"><span class='ocrx_word' id='word_1_87' title='bbox 443 1410 642 1493; x_wconf 82' lang='lat' dir='ltr'>Apud</span> <span class='ocrx_word' id='word_1_88' title='bbox 685 1412 848 1473; x_wconf 74' lang='lat' dir='ltr'>alios</span> <span class='ocrx_word' id='word_1_89' title='bbox 883 1425 1100 1474; x_wconf 78' lang='lat' dir='ltr'>tamen</span> <span class='ocrx_word' id='word_1_90' title='bbox 1139 1416 1506 1497; x_wconf 79' lang='lat' dir='ltr'>scriptores</span> <span class='ocrx_word' id='word_1_91' title='bbox 1542 1412 1733 1492; x_wconf 82' lang='lat' dir='ltr'>hujus</span> <span class='ocrx_word' id='word_1_92' title='bbox 1766 1410 2061 1494; x_wconf 83' lang='lat' dir='ltr'>prodigii</span> <span class='ocrx_word' id='word_1_93' title='bbox 2094 1425 2399 1495; x_wconf 77' lang='lat' dir='ltr'>tempore</span> 
     </span>
     <span class='ocr_line' id='line_1_13' title="bbox 447 1493 2399 1572; baseline 0.001 -18"><span class='ocrx_word' id='word_1_94' title='bbox 447 1493 750 1556; x_wconf 82' lang='lat' dir='ltr'>Caesaris</span> <span class='ocrx_word' id='word_1_95' title='bbox 829 1495 1072 1558; x_wconf 83' lang='lat' dir='ltr'>nullam</span> <span class='ocrx_word' id='word_1_96' title='bbox 1147 1497 1545 1558; x_wconf 78' lang='lat' dir='ltr'>mentionem</span> <span class='ocrx_word' id='word_1_97' title='bbox 1614 1495 1883 1572; x_wconf 73' lang='lat' dir='ltr'>inveni3</span> <span class='ocrx_word' id='word_1_98' title='bbox 1964 1493 2141 1555; x_wconf 84' lang='lat' dir='ltr'>unde</span> <span class='ocrx_word' id='word_1_99' title='bbox 2200 1494 2399 1556; x_wconf 82' lang='lat' dir='ltr'>etiam</span> 
     </span>
     <span class='ocr_line' id='line_1_14' title="bbox 444 1574 2385 1662; baseline 0.001 -28"><span class='ocrx_word' id='word_1_100' title='bbox 444 1574 756 1648; x_wconf 74' lang='lat' dir='ltr'>Freinsb.</span> <span class='ocrx_word' id='word_1_101' title='bbox 797 1577 865 1639; x_wconf 88' lang='lat' dir='ltr'>in</span> <span class='ocrx_word' id='word_1_102' title='bbox 907 1578 1244 1662; x_wconf 77' lang='lat' dir='ltr'>supplem.</span> <span class='ocrx_word' id='word_1_103' title='bbox 1290 1577 1481 1659; x_wconf 74' lang='lat' dir='ltr'>hujus</span> <span class='ocrx_word' id='word_1_104' title='bbox 1522 1576 1679 1640; x_wconf 81' lang='lat' dir='ltr'>libri</span> <span class='ocrx_word' id='word_1_105' title='bbox 1710 1576 1849 1658; x_wconf 85' lang='lat' dir='ltr'>ejus</span> <span class='ocrx_word' id='word_1_106' title='bbox 1878 1595 2009 1638; x_wconf 87' lang='lat' dir='ltr'>non</span> <span class='ocrx_word' id='word_1_107' title='bbox 2036 1576 2385 1640; x_wconf 81' lang='lat' dir='ltr'>meminit.&#39;</span> 
     </span>
    </p>
   </div>
   <div class='ocr_carea' id='block_1_5' title="bbox 111 1679 2463 2081">
    <p class='ocr_par' dir='ltr' id='par_1_7' title="bbox 111 1679 2463 2081">
     <span class='ocr_line' id='line_1_15' title="bbox 111 1679 2441 1787; baseline 0.001 -35"><span class='ocrx_word' id='word_1_108' title='bbox 111 1750 119 1787; x_wconf 42' lang='grc' dir='ltr'><strong>Ξ</strong></span> <span class='ocrx_word' id='word_1_109' title='bbox 175 1679 430 1782; x_wconf 80' lang='lat' dir='ltr'>Quod</span> <span class='ocrx_word' id='word_1_110' title='bbox 479 1681 573 1757; x_wconf 84' lang='lat' dir='ltr'>de</span> <span class='ocrx_word' id='word_1_111' title='bbox 609 1683 932 1758; x_wconf 75' lang='lat' dir='ltr'>Caesare</span> <span class='ocrx_word' id='word_1_112' title='bbox 989 1685 1166 1758; x_wconf 87' lang='lat' dir='ltr'>olim</span> <span class='ocrx_word' id='word_1_113' title='bbox 1211 1689 1499 1783; x_wconf 69' lang='lat' dir='ltr'>majore</span> <span class='ocrx_word' id='word_1_114' title='bbox 1539 1685 1759 1784; x_wconf 78' lang='lat' dir='ltr'>vulgo</span> <span class='ocrx_word' id='word_1_115' title='bbox 1794 1683 2213 1758; x_wconf 81' lang='lat' dir='ltr'>dictitatum</span> <span class='ocrx_word' id='word_1_116' title='bbox 2252 1683 2399 1772; x_wconf 82' lang='lat' dir='ltr'>est,</span> <span class='ocrx_word' id='word_1_117' title='bbox 2434 1775 2441 1787; x_wconf 85' lang='lat'><em>.</em></span> 
     </span>
     <span class='ocr_line' id='line_1_16' title="bbox 303 1782 2463 1882; baseline 0 -28"><span class='ocrx_word' id='word_1_118' title='bbox 303 1800 383 1854; x_wconf 88' lang='lat' dir='ltr'>et</span> <span class='ocrx_word' id='word_1_119' title='bbox 425 1807 469 1852; x_wconf 88' lang='lat' dir='ltr'>a</span> <span class='ocrx_word' id='word_1_120' title='bbox 505 1786 597 1855; x_wconf 86' lang='grc' dir='ltr'>Τ.</span> <span class='ocrx_word' id='word_1_121' title='bbox 637 1783 846 1856; x_wconf 59' lang='lat' dir='ltr'>Livio</span> <span class='ocrx_word' id='word_1_122' title='bbox 887 1791 1215 1882; x_wconf 84' lang='lat' dir='ltr'>positum</span> <span class='ocrx_word' id='word_1_123' title='bbox 1243 1842 1260 1868; x_wconf 88' lang='grc'>,</span> <span class='ocrx_word' id='word_1_124' title='bbox 1315 1789 1386 1856; x_wconf 89' lang='lat' dir='ltr'>in</span> <span class='ocrx_word' id='word_1_125' title='bbox 1421 1788 1720 1860; x_wconf 79' lang='lat' dir='ltr'>incerto</span> <span class='ocrx_word' id='word_1_126' title='bbox 1764 1809 1931 1857; x_wconf 85' lang='lat' dir='ltr'>esse</span> <span class='ocrx_word' id='word_1_127' title='bbox 1953 1837 1979 1874; x_wconf 92' lang='lat'>,</span> <span class='ocrx_word' id='word_1_128' title='bbox 2030 1801 2275 1856; x_wconf 86' lang='lat' dir='ltr'>utrum</span> <span class='ocrx_word' id='word_1_129' title='bbox 2312 1782 2407 1855; x_wconf 88' lang='lat' dir='ltr'>il-</span> <span class='ocrx_word' id='word_1_130' title='bbox 2456 1820 2463 1828; x_wconf 89' lang='lat'><strong>·</strong></span> 
     </span>
     <span class='ocr_line' id='line_1_17' title="bbox 302 1880 2406 1986; baseline 0 -33"><span class='ocrx_word' id='word_1_131' title='bbox 302 1880 462 1953; x_wconf 86' lang='lat' dir='ltr'>lum</span> <span class='ocrx_word' id='word_1_132' title='bbox 517 1883 755 1973; x_wconf 75' lang='lat' dir='ltr'>magis</span> <span class='ocrx_word' id='word_1_133' title='bbox 815 1886 1028 1957; x_wconf 86' lang='lat' dir='ltr'>nasci</span> <span class='ocrx_word' id='word_1_134' title='bbox 1083 1886 1543 1986; x_wconf 81' lang='lat' dir='ltr'>reipublicae</span> <span class='ocrx_word' id='word_1_135' title='bbox 1600 1883 2014 1984; x_wconf 80' lang='lat' dir='ltr'>profuerit,</span> <span class='ocrx_word' id='word_1_136' title='bbox 2095 1907 2190 1957; x_wconf 82' lang='lat' dir='ltr'>an</span> <span class='ocrx_word' id='word_1_137' title='bbox 2245 1909 2406 1956; x_wconf 87' lang='lat' dir='ltr'>non</span> 
     </span>
     <span class='ocr_line' id='line_1_18' title="bbox 301 1980 1745 2081; baseline 0.004 -31"><span class='ocrx_word' id='word_1_138' title='bbox 301 1980 556 2066; x_wconf 86' lang='lat' dir='ltr'>nasci,</span> <span class='ocrx_word' id='word_1_139' title='bbox 613 1980 762 2052; x_wconf 88' lang='lat' dir='ltr'>dici</span> <span class='ocrx_word' id='word_1_140' title='bbox 800 1982 1022 2056; x_wconf 85' lang='lat' dir='ltr'>etiam</span> <span class='ocrx_word' id='word_1_141' title='bbox 1071 1985 1164 2056; x_wconf 87' lang='lat' dir='ltr'>de</span> <span class='ocrx_word' id='word_1_142' title='bbox 1205 1985 1448 2055; x_wconf 80' lang='lat' dir='ltr'>ventis</span> <span class='ocrx_word' id='word_1_143' title='bbox 1484 1984 1745 2081; x_wconf 86' lang='lat' dir='ltr'>potest.</span> 
     </span>
    </p>
   </div>
   <div class='ocr_carea' id='block_1_6' title="bbox 379 2101 2455 2258">
    <p class='ocr_par' dir='ltr' id='par_1_8' title="bbox 379 2101 2455 2258">
     <span class='ocr_line' id='line_1_19' title="bbox 379 2101 2409 2190; baseline -0.007 -20"><span class='ocrx_word' id='word_1_144' title='bbox 379 2112 619 2170; x_wconf 78' lang='lat' dir='ltr'>Seneca</span> <span class='ocrx_word' id='word_1_145' title='bbox 661 2113 768 2168; x_wconf 73' lang='lat' dir='ltr'>lib.</span> <span class='ocrx_word' id='word_1_146' title='bbox 823 2117 883 2174; x_wconf 69' lang='lat' dir='ltr'>V:</span> <span class='ocrx_word' id='word_1_147' title='bbox 923 2117 1150 2172; x_wconf 74' lang='lat' dir='ltr'>Natur.</span> <span class='ocrx_word' id='word_1_148' title='bbox 1197 2103 1727 2190; x_wconf 60' lang='lat' dir='ltr'>onenhXVHI.</span> <span class='ocrx_word' id='word_1_149' title='bbox 1792 2103 2079 2166; x_wconf 80' lang='lat' dir='ltr'>Videtur</span> <span class='ocrx_word' id='word_1_150' title='bbox 2125 2101 2253 2162; x_wconf 87' lang='lat' dir='ltr'>hoc</span> <span class='ocrx_word' id='word_1_151' title='bbox 2277 2121 2409 2162; x_wconf 79' lang='lat' dir='ltr'>‚re-</span> 
     </span>
     <span class='ocr_line' id='line_1_20' title="bbox 447 2183 2455 2258; baseline 0.001 -14"><span class='ocrx_word' id='word_1_152' title='bbox 447 2183 796 2245; x_wconf 81' lang='lat' dir='ltr'>serendum</span> <span class='ocrx_word' id='word_1_153' title='bbox 837 2204 987 2246; x_wconf 78' lang='lat' dir='ltr'>esse</span> <span class='ocrx_word' id='word_1_154' title='bbox 1023 2186 1102 2246; x_wconf 84' lang='lat' dir='ltr'>ad</span> <span class='ocrx_word' id='word_1_155' title='bbox 1140 2187 1435 2248; x_wconf 84' lang='lat' dir='ltr'>eumdem</span> <span class='ocrx_word' id='word_1_156' title='bbox 1478 2188 1652 2247; x_wconf 85' lang='lat' dir='ltr'>Livii</span> <span class='ocrx_word' id='word_1_157' title='bbox 1684 2184 1801 2248; x_wconf 85' lang='lat' dir='ltr'>lib.</span> <span class='ocrx_word' id='word_1_158' title='bbox 1836 2205 2007 2248; x_wconf 70' lang='lat' dir='ltr'>cxvi.</span> <span class='ocrx_word' id='word_1_159' title='bbox 2045 2183 2180 2252; x_wconf 78' lang='lat' dir='ltr'>ubi,</span> <span class='ocrx_word' id='word_1_160' title='bbox 2215 2201 2406 2247; x_wconf 57' lang='lat' dir='ltr'>enarq</span> <span class='ocrx_word' id='word_1_161' title='bbox 2446 2251 2455 2258; x_wconf 72' lang='grc'><strong>,</strong></span> 
     </span>
    </p>
   </div>
   <div class='ocr_carea' id='block_1_7' title="bbox 449 2265 2409 2434">
    <p class='ocr_par' dir='ltr' id='par_1_9' title="bbox 449 2265 2409 2434">
     <span class='ocr_line' id='line_1_21' title="bbox 449 2265 2409 2352; baseline 0.002 -27"><span class='ocrx_word' id='word_1_162' title='bbox 449 2278 586 2326; x_wconf 81' lang='lat' dir='ltr'>rata</span> <span class='ocrx_word' id='word_1_163' title='bbox 627 2268 930 2328; x_wconf 75' lang='lat' dir='ltr'>Caesaris</span> <span class='ocrx_word' id='word_1_164' title='bbox 978 2287 1180 2340; x_wconf 84' lang='lat' dir='ltr'>nece,</span> <span class='ocrx_word' id='word_1_165' title='bbox 1231 2270 1517 2352; x_wconf 81' lang='lat' dir='ltr'>elogium</span> <span class='ocrx_word' id='word_1_166' title='bbox 1563 2269 1701 2344; x_wconf 78' lang='lat' dir='ltr'>eius</span> <span class='ocrx_word' id='word_1_167' title='bbox 1753 2282 1831 2344; x_wconf 27' lang='lat' dir='ltr'>et·</span> <span class='ocrx_word' id='word_1_168' title='bbox 1854 2266 2203 2350; x_wconf 80' lang='lat' dir='ltr'>imaginem</span> <span class='ocrx_word' id='word_1_169' title='bbox 2248 2265 2409 2328; x_wconf 79' lang='lat' dir='ltr'>olim</span> 
     </span>
     <span class='ocr_line' id='line_1_22' title="bbox 451 2345 2407 2434; baseline 0.002 -27"><span class='ocrx_word' id='word_1_170' title='bbox 451 2345 772 2430; x_wconf 81' lang='lat' dir='ltr'>depinxit,</span> <span class='ocrx_word' id='word_1_171' title='bbox 859 2350 1112 2412; x_wconf 86' lang='lat' dir='ltr'>Eodem</span> <span class='ocrx_word' id='word_1_172' title='bbox 1158 2351 1350 2412; x_wconf 83' lang='lat' dir='ltr'>etiam</span> <span class='ocrx_word' id='word_1_173' title='bbox 1399 2350 1625 2412; x_wconf 83' lang='lat' dir='ltr'>retulit</span> <span class='ocrx_word' id='word_1_174' title='bbox 1660 2349 1965 2412; x_wconf 79' lang='lat' dir='ltr'>Freinsh.</span> <span class='ocrx_word' id='word_1_175' title='bbox 2016 2369 2211 2434; x_wconf 84' lang='lat' dir='ltr'>quem</span> <span class='ocrx_word' id='word_1_176' title='bbox 2250 2346 2407 2410; x_wconf 79' lang='lat' dir='ltr'>vide</span> 
     </span>
    </p>
   </div>
   <div class='ocr_carea' id='block_1_8' title="bbox 449 2429 1739 2560">
    <p class='ocr_par' dir='ltr' id='par_1_10' title="bbox 449 2429 1739 2560">
     <span class='ocr_line' id='line_1_23' title="bbox 449 2429 1739 2560; baseline 0.002 -70"><span class='ocrx_word' id='word_1_177' title='bbox 449 2429 518 2490; x_wconf 86' lang='lat' dir='ltr'>in</span> <span class='ocrx_word' id='word_1_178' title='bbox 551 2431 886 2514; x_wconf 84' lang='lat' dir='ltr'>Supplem.</span> <span class='ocrx_word' id='word_1_179' title='bbox 936 2430 1127 2557; x_wconf 51' lang='grc' dir='ltr'>Βιήιέε</span> <span class='ocrx_word' id='word_1_180' title='bbox 1162 2431 1322 2494; x_wconf 85' lang='lat' dir='ltr'>libri</span> <span class='ocrx_word' id='word_1_181' title='bbox 1362 2453 1503 2516; x_wconf 86' lang='lat' dir='ltr'>cap.</span> <span class='ocrx_word' id='word_1_182' title='bbox 1514 2443 1739 2560; x_wconf 48' lang='lat' dir='ltr'>⁴¹exim.</span> 
     </span>
    </p>
   </div>
   <div class='ocr_carea' id='block_1_9' title="bbox 111 2609 2423 3312">
    <p class='ocr_par' dir='ltr' id='par_1_11' title="bbox 111 2609 2423 3312">
     <span class='ocr_line' id='line_1_24' title="bbox 111 2609 2410 2714; baseline 0 -33"><span class='ocrx_word' id='word_1_183' title='bbox 111 2636 125 2681; x_wconf 79' lang='grc' dir='ltr'><strong>ι</strong></span> <span class='ocrx_word' id='word_1_184' title='bbox 183 2618 309 2692; x_wconf 90' lang='grc' dir='ltr'>Μ.</span> <span class='ocrx_word' id='word_1_185' title='bbox 357 2609 620 2685; x_wconf 89' lang='lat' dir='ltr'>Cicero</span> <span class='ocrx_word' id='word_1_186' title='bbox 676 2612 817 2685; x_wconf 87' lang='lat' dir='ltr'>sub</span> <span class='ocrx_word' id='word_1_187' title='bbox 868 2611 1265 2687; x_wconf 82' lang='lat' dir='ltr'>adventum</span> <span class='ocrx_word' id='word_1_188' title='bbox 1318 2613 1865 2686; x_wconf 82' lang='lat' dir='ltr'>triumvirorum</span> <span class='ocrx_word' id='word_1_189' title='bbox 1912 2629 2237 2686; x_wconf 81' lang='lat' dir='ltr'>cesserat</span> <span class='ocrx_word' id='word_1_190' title='bbox 2280 2621 2410 2714; x_wconf 64' lang='lat' dir='ltr'>pri</span> 
     </span>
     <span class='ocr_line' id='line_1_25' title="bbox 311 2711 2407 2810; baseline 0.001 -28"><span class='ocrx_word' id='word_1_191' title='bbox 311 2711 443 2796; x_wconf 87' lang='lat' dir='ltr'>be,</span> <span class='ocrx_word' id='word_1_192' title='bbox 499 2736 640 2810; x_wconf 91' lang='lat' dir='ltr'>pro</span> <span class='ocrx_word' id='word_1_193' title='bbox 683 2730 888 2783; x_wconf 85' lang='lat' dir='ltr'>certo</span> <span class='ocrx_word' id='word_1_194' title='bbox 927 2711 1261 2806; x_wconf 84' lang='lat' dir='ltr'>habens,</span> <span class='ocrx_word' id='word_1_195' title='bbox 1328 2712 1407 2785; x_wconf 88' lang='lat' dir='ltr'>id</span> <span class='ocrx_word' id='word_1_196' title='bbox 1447 2715 1651 2810; x_wconf 86' lang='lat' dir='ltr'>quod</span> <span class='ocrx_word' id='word_1_197' title='bbox 1691 2731 1893 2802; x_wconf 87' lang='lat' dir='ltr'>erat,</span> <span class='ocrx_word' id='word_1_198' title='bbox 1960 2739 2114 2784; x_wconf 88' lang='lat' dir='ltr'>non</span> <span class='ocrx_word' id='word_1_199' title='bbox 2168 2713 2407 2809; x_wconf 81' lang='lat' dir='ltr'>magia</span> 
     </span>
     <span class='ocr_line' id='line_1_26' title="bbox 113 2809 2410 2912; baseline 0.001 -33"><span class='ocrx_word' id='word_1_200' title='bbox 113 2842 121 2879; x_wconf 72' lang='lat' dir='ltr'>r</span> <span class='ocrx_word' id='word_1_201' title='bbox 310 2809 644 2884; x_wconf 87' lang='lat' dir='ltr'>Antonio</span> <span class='ocrx_word' id='word_1_202' title='bbox 691 2809 880 2912; x_wconf 82' lang='lat' dir='ltr'>eripi</span> <span class='ocrx_word' id='word_1_203' title='bbox 929 2837 1004 2883; x_wconf 86' lang='lat' dir='ltr'>se</span> <span class='ocrx_word' id='word_1_204' title='bbox 1029 2864 1052 2900; x_wconf 95' lang='lat'>,</span> <span class='ocrx_word' id='word_1_205' title='bbox 1128 2838 1350 2910; x_wconf 88' lang='lat' dir='ltr'>quam</span> <span class='ocrx_word' id='word_1_206' title='bbox 1391 2811 1693 2884; x_wconf 80' lang='lat' dir='ltr'>Caesari</span> <span class='ocrx_word' id='word_1_207' title='bbox 1734 2811 2069 2886; x_wconf 82' lang='lat' dir='ltr'>Cassium</span> <span class='ocrx_word' id='word_1_208' title='bbox 2111 2829 2185 2884; x_wconf 88' lang='lat' dir='ltr'>et</span> <span class='ocrx_word' id='word_1_209' title='bbox 2219 2815 2410 2884; x_wconf 86' lang='lat' dir='ltr'>Bru·</span> 
     </span>
     <span class='ocr_line' id='line_1_27' title="bbox 309 2909 2409 3009; baseline 0.001 -27"><span class='ocrx_word' id='word_1_210' title='bbox 309 2927 507 2998; x_wconf 87' lang='lat' dir='ltr'>tum,</span> <span class='ocrx_word' id='word_1_211' title='bbox 583 2935 835 3009; x_wconf 86' lang='lat' dir='ltr'>posse.</span> <span class='ocrx_word' id='word_1_212' title='bbox 941 2911 1189 2984; x_wconf 88' lang='lat' dir='ltr'>Primo</span> <span class='ocrx_word' id='word_1_213' title='bbox 1251 2913 1328 2984; x_wconf 90' lang='lat' dir='ltr'>in</span> <span class='ocrx_word' id='word_1_214' title='bbox 1370 2910 1878 2983; x_wconf 82' lang='lat' dir='ltr'>Tusculanum</span> <span class='ocrx_word' id='word_1_215' title='bbox 1926 2909 2155 3007; x_wconf 83' lang='lat' dir='ltr'>fugit,</span> <span class='ocrx_word' id='word_1_216' title='bbox 2228 2909 2409 2984; x_wconf 81' lang='lat' dir='ltr'>inde</span> 
     </span>
     <span class='ocr_line' id='line_1_28' title="bbox 307 3009 2423 3108; baseline 0.003 -27"><span class='ocrx_word' id='word_1_217' title='bbox 307 3011 751 3098; x_wconf 81' lang='lat' dir='ltr'>transversis</span> <span class='ocrx_word' id='word_1_218' title='bbox 798 3010 1186 3084; x_wconf 78' lang='lat' dir='ltr'>itineribus</span> <span class='ocrx_word' id='word_1_219' title='bbox 1231 3013 1308 3084; x_wconf 91' lang='lat' dir='ltr'>in</span> <span class='ocrx_word' id='word_1_220' title='bbox 1343 3009 1851 3101; x_wconf 82' lang='lat' dir='ltr'>Formianum,</span> <span class='ocrx_word' id='word_1_221' title='bbox 1902 3027 1985 3082; x_wconf 87' lang='lat' dir='ltr'>ut</span> <span class='ocrx_word' id='word_1_222' title='bbox 2022 3011 2116 3084; x_wconf 86' lang='lat' dir='ltr'>ab</span> <span class='ocrx_word' id='word_1_223' title='bbox 2146 3011 2423 3108; x_wconf 60' lang='lat' dir='ltr'>Caieta</span> 
     </span>
     <span class='ocr_line' id='line_1_29' title="bbox 303 3108 2410 3212; baseline -0 -30"><span class='ocrx_word' id='word_1_224' title='bbox 303 3114 551 3184; x_wconf 78' lang='lat' dir='ltr'>navim·</span> <span class='ocrx_word' id='word_1_225' title='bbox 593 3137 1182 3201; x_wconf 83' lang='lat' dir='ltr'>conscensurus,</span> <span class='ocrx_word' id='word_1_226' title='bbox 1233 3109 1767 3212; x_wconf 76' lang='lat' dir='ltr'>proficiscitur.</span> <span class='ocrx_word' id='word_1_227' title='bbox 1851 3109 2073 3184; x_wconf 83' lang='lat' dir='ltr'>Unde</span> <span class='ocrx_word' id='word_1_228' title='bbox 2115 3108 2410 3206; x_wconf 83' lang='lat' dir='ltr'>aliquo-</span> 
     </span>
     <span class='ocr_line' id='line_1_30' title="bbox 305 3208 2411 3312; baseline -0 -30"><span class='ocrx_word' id='word_1_229' title='bbox 305 3210 450 3284; x_wconf 86' lang='lat' dir='ltr'>ties</span> <span class='ocrx_word' id='word_1_230' title='bbox 499 3211 574 3282; x_wconf 90' lang='lat' dir='ltr'>in</span> <span class='ocrx_word' id='word_1_231' title='bbox 621 3210 848 3283; x_wconf 83' lang='lat' dir='ltr'>altum</span> <span class='ocrx_word' id='word_1_232' title='bbox 887 3230 1318 3312; x_wconf 76' lang='lat' dir='ltr'>provectum</span> <span class='ocrx_word' id='word_1_233' title='bbox 1365 3235 1595 3310; x_wconf 85' lang='lat' dir='ltr'>quum</span> <span class='ocrx_word' id='word_1_234' title='bbox 1638 3211 1865 3283; x_wconf 85' lang='lat' dir='ltr'>modo</span> <span class='ocrx_word' id='word_1_235' title='bbox 1903 3208 2105 3282; x_wconf 81' lang='lat' dir='ltr'>venti</span> <span class='ocrx_word' id='word_1_236' title='bbox 2148 3210 2411 3282; x_wconf 76' lang='lat' dir='ltr'>adver-</span> 
     </span>
    </p>
   </div>
   <div class='ocr_carea' id='block_1_10' title="bbox 309 3306 2550 3410">
    <p class='ocr_par' dir='ltr' id='par_1_12' title="bbox 309 3306 2550 3410">
     <span class='ocr_line' id='line_1_31' title="bbox 309 3306 2550 3410; baseline -0.003 -24"><span class='ocrx_word' id='word_1_237' title='bbox 309 3312 378 3386; x_wconf 79' lang='lat' dir='ltr'>si</span> <span class='ocrx_word' id='word_1_238' title='bbox 417 3309 891 3399; x_wconf 81' lang='lat' dir='ltr'>retulissent,</span> <span class='ocrx_word' id='word_1_239' title='bbox 962 3311 1191 3384; x_wconf 83' lang='lat' dir='ltr'>modo</span> <span class='ocrx_word' id='word_1_240' title='bbox 1245 3311 1408 3410; x_wconf 85' lang='lat' dir='ltr'>ipse</span> <span class='ocrx_word' id='word_1_241' title='bbox 1463 3309 1943 3404; x_wconf 81' lang='lat' dir='ltr'>iactationem</span> <span class='ocrx_word' id='word_1_242' title='bbox 1986 3309 2237 3397; x_wconf 79' lang='lat' dir='ltr'>navis,</span> <span class='ocrx_word' id='word_1_243' title='bbox 2282 3306 2407 3404; x_wconf 83' lang='grc' dir='ltr'>(ι)</span> <span class='ocrx_word' id='word_1_244' title='bbox 2458 3369 2479 3390; x_wconf 36' lang='lat' dir='ltr'>x</span> <span class='ocrx_word' id='word_1_245' title='bbox 2544 3391 2550 3400; x_wconf 44' lang='grc'><strong>,</strong></span> 
     </span>
    </p>
   </div>
   <div class='ocr_carea' id='block_1_11' title="bbox 307 3409 2415 4214">
    <p class='ocr_par' dir='ltr' id='par_1_13' title="bbox 307 3409 2415 4214">
     <span class='ocr_line' id='line_1_32' title="bbox 311 3409 2410 3512; baseline -0.002 -27"><span class='ocrx_word' id='word_1_246' title='bbox 311 3413 545 3485; x_wconf 83' lang='lat' dir='ltr'>caeco</span> <span class='ocrx_word' id='word_1_247' title='bbox 593 3411 952 3486; x_wconf 72' lang='lat' dir='ltr'>volvente</span> <span class='ocrx_word' id='word_1_248' title='bbox 983 3412 1262 3502; x_wconf 84' lang='lat' dir='ltr'>fluctu,</span> <span class='ocrx_word' id='word_1_249' title='bbox 1311 3410 1472 3512; x_wconf 84' lang='lat' dir='ltr'>pati</span> <span class='ocrx_word' id='word_1_250' title='bbox 1520 3435 1675 3481; x_wconf 90' lang='lat' dir='ltr'>non</span> <span class='ocrx_word' id='word_1_251' title='bbox 1723 3426 2028 3507; x_wconf 87' lang='lat' dir='ltr'>posset,</span> <span class='ocrx_word' id='word_1_252' title='bbox 2078 3409 2410 3482; x_wconf 78' lang='lat' dir='ltr'>taedium</span> 
     </span>
     <span class='ocr_line' id='line_1_33' title="bbox 307 3509 2411 3608; baseline -0.002 -24"><span class='ocrx_word' id='word_1_253' title='bbox 307 3511 817 3586; x_wconf 78' lang='lat' dir='ltr'>tandem&#39;eum</span> <span class='ocrx_word' id='word_1_254' title='bbox 855 3527 929 3584; x_wconf 87' lang='lat' dir='ltr'>et</span> <span class='ocrx_word' id='word_1_255' title='bbox 973 3509 1197 3606; x_wconf 73' lang='lat' dir='ltr'>fugae</span> <span class='ocrx_word' id='word_1_256' title='bbox 1237 3529 1313 3585; x_wconf 84' lang='lat' dir='ltr'>et</span> <span class='ocrx_word' id='word_1_257' title='bbox 1359 3510 1554 3583; x_wconf 78' lang='lat' dir='ltr'>vitae</span> <span class='ocrx_word' id='word_1_258' title='bbox 1592 3511 1829 3608; x_wconf 83' lang='lat' dir='ltr'>cepit=</span> <span class='ocrx_word' id='word_1_259' title='bbox 1880 3510 2411 3608; x_wconf 74' lang='lat' dir='ltr'>regressusque</span> 
     </span>
     <span class='ocr_line' id='line_1_34' title="bbox 311 3605 2413 3713; baseline -0.001 -29"><span class='ocrx_word' id='word_1_260' title='bbox 311 3612 410 3684; x_wconf 89' lang='lat' dir='ltr'>ad</span> <span class='ocrx_word' id='word_1_261' title='bbox 457 3613 924 3713; x_wconf 87' lang='lat' dir='ltr'>superiorem</span> <span class='ocrx_word' id='word_1_262' title='bbox 965 3611 1258 3698; x_wconf 83' lang='lat' dir='ltr'>villam,</span> <span class='ocrx_word' id='word_1_263' title='bbox 1314 3637 1509 3708; x_wconf 84' lang='lat' dir='ltr'>quae</span> <span class='ocrx_word' id='word_1_264' title='bbox 1544 3609 1803 3708; x_wconf 87' lang='lat' dir='ltr'>paullo</span> <span class='ocrx_word' id='word_1_265' title='bbox 1826 3605 1991 3709; x_wconf 87' lang='lat' dir='ltr'>plus</span> <span class='ocrx_word' id='word_1_266' title='bbox 2016 3607 2213 3679; x_wconf 88' lang='lat' dir='ltr'>mille</span> <span class='ocrx_word' id='word_1_267' title='bbox 2236 3633 2413 3709; x_wconf 85' lang='lat' dir='ltr'>pas·</span> 
     </span>
     <span class='ocr_line' id='line_1_35' title="bbox 312 3711 2415 3808; baseline -0.003 -24"><span class='ocrx_word' id='word_1_268' title='bbox 312 3711 520 3784; x_wconf 79' lang='lat' dir='ltr'>sibus</span> <span class='ocrx_word' id='word_1_269' title='bbox 561 3739 606 3785; x_wconf 83' lang='lat' dir='ltr'>a</span> <span class='ocrx_word' id='word_1_270' title='bbox 641 3711 828 3786; x_wconf 84' lang='lat' dir='ltr'>mari</span> <span class='ocrx_word' id='word_1_271' title='bbox 865 3711 1104 3802; x_wconf 82' lang='lat' dir='ltr'>abest,</span> <span class='ocrx_word' id='word_1_272' title='bbox 1159 3719 1483 3802; x_wconf 83' lang='lat' dir='ltr'>Moriar,</span> <span class='ocrx_word' id='word_1_273' title='bbox 1535 3711 1803 3808; x_wconf 87' lang='lat' dir='ltr'>inquit,</span> <span class='ocrx_word' id='word_1_274' title='bbox 1857 3716 1929 3780; x_wconf 81' lang='lat' dir='ltr'>in</span> <span class='ocrx_word' id='word_1_275' title='bbox 1964 3715 2211 3798; x_wconf 82' lang='lat' dir='ltr'>patria</span> <span class='ocrx_word' id='word_1_276' title='bbox 2253 3733 2415 3780; x_wconf 77' lang='lat' dir='ltr'>sae-</span> 
     </span>
     <span class='ocr_line' id='line_1_36' title="bbox 311 3809 2411 3902; baseline -0.002 -20"><span class='ocrx_word' id='word_1_277' title='bbox 311 3835 396 3902; x_wconf 79' lang='lat' dir='ltr'>pe</span> <span class='ocrx_word' id='word_1_278' title='bbox 443 3827 759 3885; x_wconf 75' lang='lat' dir='ltr'>servata.</span> <span class='ocrx_word' id='word_1_279' title='bbox 863 3813 1064 3886; x_wconf 84' lang='lat' dir='ltr'>Satis</span> <span class='ocrx_word' id='word_1_280' title='bbox 1103 3812 1430 3895; x_wconf 86' lang='lat' dir='ltr'>constat,</span> <span class='ocrx_word' id='word_1_281' title='bbox 1502 3837 1757 3883; x_wconf 81' lang='lat' dir='ltr'>servos</span> <span class='ocrx_word' id='word_1_282' title='bbox 1816 3809 2117 3884; x_wconf 84' lang='lat' dir='ltr'>fortiter</span> <span class='ocrx_word' id='word_1_283' title='bbox 2171 3809 2411 3882; x_wconf 86' lang='lat' dir='ltr'>fideli·</span> 
     </span>
     <span class='ocr_line' id='line_1_37' title="bbox 311 3909 2409 4013; baseline -0.002 -29"><span class='ocrx_word' id='word_1_284' title='bbox 311 3929 575 4008; x_wconf 83' lang='lat' dir='ltr'>terque</span> <span class='ocrx_word' id='word_1_285' title='bbox 615 3929 924 4013; x_wconf 81' lang='lat' dir='ltr'>paratos</span> <span class='ocrx_word' id='word_1_286' title='bbox 963 3911 1200 3986; x_wconf 84' lang='lat' dir='ltr'>fuisse</span> <span class='ocrx_word' id='word_1_287' title='bbox 1241 3913 1336 3986; x_wconf 84' lang='lat' dir='ltr'>ad</span> <span class='ocrx_word' id='word_1_288' title='bbox 1376 3909 1915 4003; x_wconf 75' lang='lat' dir='ltr'>dimicandum3</span> <span class='ocrx_word' id='word_1_289' title='bbox 1986 3909 2227 4008; x_wconf 85' lang='lat' dir='ltr'>ipsum</span> <span class='ocrx_word' id='word_1_290' title='bbox 2278 3909 2409 3981; x_wconf 88' lang='lat' dir='ltr'>de-</span> 
     </span>
     <span class='ocr_line' id='line_1_38' title="bbox 314 4005 2411 4112; baseline -0.002 -27"><span class='ocrx_word' id='word_1_291' title='bbox 314 4013 497 4112; x_wconf 86' lang='lat' dir='ltr'>poni</span> <span class='ocrx_word' id='word_1_292' title='bbox 535 4012 924 4098; x_wconf 83' lang='lat' dir='ltr'>lecticam,</span> <span class='ocrx_word' id='word_1_293' title='bbox 975 4031 1052 4084; x_wconf 89' lang='lat' dir='ltr'>et</span> <span class='ocrx_word' id='word_1_294' title='bbox 1096 4012 1393 4112; x_wconf 86' lang='lat' dir='ltr'>quietos</span> <span class='ocrx_word' id='word_1_295' title='bbox 1437 4010 1643 4111; x_wconf 84' lang='lat' dir='ltr'>pati,</span> <span class='ocrx_word' id='word_1_296' title='bbox 1695 4011 1902 4109; x_wconf 88' lang='lat' dir='ltr'>quod</span> <span class='ocrx_word' id='word_1_297' title='bbox 1948 4005 2109 4080; x_wconf 79' lang='lat' dir='ltr'>fors</span> <span class='ocrx_word' id='word_1_298' title='bbox 2147 4008 2411 4106; x_wconf 84' lang='lat' dir='ltr'>iniqua</span> 
     </span>
     <span class='ocr_line' id='line_1_39' title="bbox 319 4109 2411 4214; baseline -0.001 -30"><span class='ocrx_word' id='word_1_299' title='bbox 319 4132 652 4214; x_wconf 78' lang='lat' dir='ltr'>cogeret,</span> <span class='ocrx_word' id='word_1_300' title='bbox 721 4112 1056 4212; x_wconf 77' lang='lat' dir='ltr'>jussisse.</span> <span class='ocrx_word' id='word_1_301' title='bbox 1162 4112 1627 4188; x_wconf 87' lang='lat' dir='ltr'>Prominenti</span> <span class='ocrx_word' id='word_1_302' title='bbox 1676 4137 1765 4186; x_wconf 86' lang='lat' dir='ltr'>ex</span> <span class='ocrx_word' id='word_1_303' title='bbox 1816 4109 2139 4200; x_wconf 85' lang='lat' dir='ltr'>lectica,</span> <span class='ocrx_word' id='word_1_304' title='bbox 2186 4131 2411 4210; x_wconf 79' lang='lat' dir='ltr'>prae-</span> 
     </span>
    </p>
   </div>
  </div>
 </body>
</html>
