2892 4684
640 276 759 320 ωε
830 256 1235 320 FREINSH.
1268 251 2114 318 SUPPLEMENTORUM
2137 249 2570 315 Lm.1.xxx.

302 471 375 526 U·
412 487 465 523 Φ·
498 485 619 540 7⁰7·
646 468 941 534 ctoriam.
1026 463 1201 526 Hinc
1229 477 1411 524 certe
1444 476 1515 523 et
1541 460 1748 524 erecti
1767 462 2032 536 Juliani,
2075 477 2143 527 et
2177 463 2397 528 territi
2426 459 2644 527 hostes

307 539 379 594 Α·
412 541 481 596 0·
510 541 603 607 45·
656 565 837 615 sunt:
886 541 1212 629 v‘eraeque
1246 564 1396 606 mox
1430 543 1626 626 fugae
1659 543 1914 604 initium
1951 545 2110 618 fuit,
2153 546 2322 609 falso
2355 543 2639 618 credita,

652 652 848 718 quum
890 630 1115 698 etiam,
1177 647 1407 690 errore
1449 645 1592 687 com
1643 639 1826 696 erto,
1885 647 2016 688 non
2063 628 2338 712 amplius
2389 626 2644 690 restitui

643 713 887 777 turbati
927 711 1195 772 ordines
1234 709 1506 792 poss'ent.
1673 727 1788 768 aec
1830 729 2078 792 pugna,
2119 725 2404 794 pugnata
2440 711 2644 775 nibe-

645 794 929 866 ralibus,
979 791 1260 854 advertit
1294 789 1626 852 hominum
1664 810 1880 852 curam
1903 833 1920 862 ,
1967 806 2039 854 ut
2077 791 2308 854 eodem
2347 791 2455 854 die
2489 806 2642 854 ante

604 873 615 886 ⁸
646 875 1144 963 quadriennium
1176 872 1419 934 ltaliam
1456 893 1492 932 a
1519 870 1836 955 Pompeio
1875 873 2170 935 relictam
2205 873 2643 935 recordaren-

646 975 775 1021 tur.
860 956 1039 1022 Victi
1088 975 1239 1040 pars
1286 954 1357 1015 in
1403 951 1638 1026 castra,
1702 975 1854 1038 pars
1903 955 1976 1025 in,
2017 954 2328 1040 oppidum
2371 953 2641 1038 refug'e-

644 1053 821 1184 rtlmdt.
895 1036 1091 1102 castra
1127 1051 1488 1122 expugnata
1526 1050 1708 1111 sunt,
1764 1035 1912 1120 pari
1958 1057 2170 1123 prope
2211 1051 2640 1122 utrorumque

652 1143 689 1185 c
716 1145 749 1185 a
798 1144 856 1185 e.

318 1235 513 1308 Agger
527 1253 592 1292 ex
772 1231 911 1296 LV.
956 1227 1261 1292 Mundam
1302 1229 1454 1324 quia
1490 1229 1730 1292 Caesar
1771 1225 1970 1290 statim
2010 1227 2484 1290 circumvallari
2516 1226 2640 1288 im-

272 1305 1029 1397 “dwerssbwoperaveran
1096 1333 1179 1373 ne
1222 1331 1369 1394 quis
1420 1330 1544 1392 per
1587 1325 1849 1373 noctem
1895 1308 2241 1381 evaderet,
2307 1323 2374 1372 et
2411 1309 2638 1392 aggeri

648 1393 1033 1456 exstruendo
1086 1413 1205 1456 nec
1259 1391 1576 1475 temporis
1627 1393 1784 1454 satis
1825 1412 1948 1454 nec
1985 1393 2294 1454 materiae
2333 1405 2642 1475 suppete-

646 1471 795 1547 bat,
842 1473 1135 1558 congesta
1180 1488 1326 1537 sunt
1358 1471 1611 1535 hostilia
1647 1472 1997 1548 cadavera,
2034 1493 2378 1558 aggei-que
2421 1493 2502 1534 ex
2535 1473 2640 1536 his

648 1557 969 1628 effectus,
1029 1557 1185 1617 valli
1228 1557 1437 1616 vicem
1491 1556 1692 1617 scutis
1739 1556 2027 1639 pilisque
2067 1570 2133 1616 et
2163 1555 2430 1639 jaculis,
2494 1559 2641 1639 quis

648 1635 899 1700 confixa
950 1656 1229 1722 corpora
1278 1636 1704 1712 tenebantur,
1750 1636 2182 1721 explentibus.
2263 1640 2352 1699 Et
2399 1638 2640 1721 gaude-

646 1719 757 1780 bat
792 1717 987 1780 foeda
1021 1718 1407 1782 crudelitate
1444 1719 1660 1792 miles,
1704 1717 2170 1816 vertendisque
2209 1718 2288 1779 ad
2325 1719 2640 1802 oppidum

650 1801 1018 1862 occisorum
1058 1801 1410 1884 capitibus,
1480 1815 1803 1886 tamquam
1852 1801 2118 1863 virtutis
2167 1821 2320 1866 suae
2357 1799 2638 1863 testimo-

647 1885 762 1945 nio
786 1924 805 1957 ,
846 1883 1309 1945 delectabatur.

334 2022 609 2080 Numerus
762 2010 941 2074 LVI.
1002 2005 1321 2071 Cecidisse
1366 2005 1629 2068 tradunt
1673 2025 1754 2068 eo
1797 2005 2059 2091 proelio
2091 2005 2634 2090 Pompeianorum

272 2094 579 2151 occisorum.
652 2112 848 2186 supra
877 2091 1144 2175 triginta
1174 2087 1371 2148 millia
1392 2131 1411 2160 ,
1467 2109 1632 2171 quos
1677 2089 1851 2150 inter
1882 2088 2240 2150 Labienum
2275 2103 2341 2151 et
2375 2091 2636 2160 Varum,

650 2173 889 2256 quibus
929 2171 1079 2234 fieri
1114 2174 1350 2232 Caesar
1385 2169 1578 2232 funus
1617 2168 1823 2250 juss'itz
1871 2184 1936 2232 et
1981 2169 2269 2253 equitum
2313 2173 2636 2232 Romano-

648 2275 794 2316 rum
836 2275 917 2316 ex
955 2253 1117 2316 urbe
1163 2265 1229 2314 et
1264 2253 1606 2335 provincia
1643 2252 1910 2316 circiter
1943 2253 2072 2314 tria
2107 2253 2329 2313 millia.
2430 2251 2636 2335 Aqui·

646 2337 749 2398 lae
799 2357 1025 2402 omnes
1075 2349 1297 2419 captae
1342 2353 1487 2396 cum
1536 2335 1742 2418 signis
1797 2347 1862 2396 et
1906 2332 2237 2406 fascibus,
2297 2349 2640 2417 praeterea

646 2417 849 2480 duces
892 2417 1049 2481 belli
1096 2414 1583 2499 septemdecim.
1667 2415 1974 2477 Victores
2015 2415 2371 2478 desiderati
2409 2415 2490 2477 ad
2517 2415 2642 2476 bo·

644 2500 893 2562 minum
921 2498 1119 2572 mille,
1167 2496 1425 2582 pedites
1463 2496 1744 2579 equites,
1833 2516 1974 2557 rom
2025 2497 2292 2560 tiffimus
2331 2499 2636 2583 quisque,

648 2595 717 2644 et
769 2581 1090 2644 vulnerati
1118 2573 1224 2640 'ad
1274 2579 1694 2662 quingentos.
1845 2597 1924 2640 oc
2019 2599 2056 2640 o
2103 2580 2364 2662 proelio
2413 2579 2638 2642 dixill'e

650 2664 995 2728 Caesarem
1046 2663 1305 2734 ferunt,
1356 2663 1519 2743 saepe
1562 2659 1627 2742 fi
1681 2659 1753 2720 de
1801 2664 2074 2736 victoria,
2133 2681 2258 2722 tum.
2285 2664 2530 2742 primum
2567 2662 2638 2723 de

638 2745 853 2829 salute,
899 2741 1186 2826 dimicaffi.
2024 2741 2038 2756 ‘

385 2893 593 2952 ουτω·
780 2879 978 2944 Lvn.
1027 2878 1331 2940 Ceterum
1366 2873 1768 2960 perditarum
1807 2897 2028 2939 rerum
2063 2875 2337 2938 nuncius
2372 2873 2452 2936 ad
2485 2876 2639 2937 Sex.

294 2961 606 3020 Cordubam
650 2961 1031 3047 Pompeium
1068 2960 1371 3026 Valerius
1414 2957 1800 3022 adolescens
1839 2959 2204 3022 Cordubam
2254 2974 2334 3019 ex
2377 2957 2641 3042 proelio

291 3035 513 3106 '‘⁶¹25“
650 3045 854 3108 venit.
940 3042 1195 3106 Idcirco
1236 3041 1509 3113 Sextus,
1557 3040 1900 3103 distributa
1953 3039 2283 3124 equitibus
2323 3039 2638 3123 pecunia,

651 3139 847 3190 nocte
892 3123 1194 3188 Corduba
1244 3122 1586 3207 profectus
1635 3120 1757 3195 est,
1815 3123 1894 3184 ad
1947 3113 2310 3185 Caesarem'
2345 3122 2426 3182 de
2477 3139 2640 3218 pace

653 3209 897 3272 iturum
948 3206 1297 3268 simulans:
1367 3219 1658 3266 ceterum
1711 3203 2006 3300 perfugit
2061 3204 2130 3263 in
2183 3203 2597 3265 Celtiberiam
2621 3241 2643 3275 ,

654 3289 919 3373 ibique,
962 3288 1248 3372 repertis
1289 3285 1591 3357 latebris,
1637 3289 1981 3348 latrocinio
2021 3307 2090 3348 se
2121 3284 2449 3348 toleravit.
2519 3283 2642 3344 Di·-

652 3391 851 3444 :versa
888 3373 1102 3434 Gnaeo
1132 3369 1403 3431 fortuna
1438 3369 1589 3430 fuit.
1673 3371 1735 3430 Is
1785 3368 2064 3452 primum
2120 3387 2201 3427 ex
2249 3367 2426 3440 acie,
2486 3385 2643 3428 cen-

655 3465 792 3514 tum
840 3451 1301 3536 quinquaginta
1342 3451 1710 3536 equitibus,
1773 3448 2233 3533 peditibusque
2265 3448 2490 3532 paucis
2531 3467 2646 3508 co..

658 3534 941 3607 mitanis,
988 3553 1119 3596 non
1152 3533 1336 3617 prius
1366 3532 1624 3594 remisit
1649 3532 1887 3612 sugam,
1935 3551 2122 3613 quam
2144 3531 2460 3608 Carteiam
2489 3550 2642 3613 per·-

657 3617 973 3692 veniss'et,
1033 3615 1272 3678 Munda
1308 3612 1646 3676 distantem
1677 3612 1966 3674 millibus
2003 3613 2286 3696 pass'uum
2319 3609 2644 3684 ducentis,

706 3797 875 3880 ·Cap'.
908 3805 1060 3860 LIV.
1114 3799 1285 3857 Auct.
1324 3797 1397 3857 de
1432 3803 1504 3858 B.
1541 3799 1708 3874 Hisp.
1766 3801 1942 3856 Oros.
1999 3801 2155 3856 Plut.
2209 3799 2320 3872 Ep.
2371 3799 2519 3852 Mat.
2567 3793 2646 3850 ad

660 3875 787 3932 cic.
829 3876 873 3930 1.
902 3892 957 3941 9.
1000 3871 1077 3928 ad
1104 3872 1229 3926 Att.
1268 3889 1363 3942 ep.
1399 3875 1484 3930 ¹5.
1522 3872 1660 3926 Dio.
1741 3869 1889 3942 Cap.
1917 3871 2042 3928 LV.
2087 3869 2252 3923 Flor.
2305 3867 2441 3924 Vol.
2483 3867 2645 3920 Max·

700 3947 791 4010 ,6.
830 3943 877 3996 Δ
968 3939 1085 4013 ian..
1122 3939 1258 3994 Dio.
1298 3942 1470 3995 Auct.
1504 3939 1576 3996 de
1595 3941 1664 3994 B.
1687 3935 1788 3994 nis
1838 3975 1854 3992 .
1928 3935 2011 3996 Ca
2059 3937 2240 3994 ,Lv1.
2279 3935 2436 3992 Plut.
2469 3937 2644 3990 Auct-

659 3965 831 4077 aaa.
924 4029 1033 4082 usp.
1081 4009 1339 4082 Appiam
1380 4009 1536 4086 Vell.
1576 4009 1748 4064 Auct.
1825 4027 1856 4064 e
1889 4011 1960 4064 B.
2048 4007 2155 4089 inp.
2197 4007 2241 4058 Δ
2291 4001 2646 4076 γὺψ-Ναῒς

660 4079 809 4204 iapo
830 4083 1007 4139 LV‘II·
1044 4079 1213 4136 Auct-
1253 4077 1324 4135 de
1349 4079 1424 4135 B·
1453 4079 1620 4156 nispe
1663 4077 1804 4140 Dio·
1843 4081 2010 4152 Elor!
2045 4075 2169 4136 0⁸00
2199 4021 2286 4134 ,Χ
2301 4073 2426 4130 Atto
2451 4091 2534 4144 22,
2551 4073 2644 4144 ³7⁰

714 4147 919 4225 ppian.
966 4149 1143 4214 Aust.
1171 4145 1246 4208 de
1276 4151 1349 4215 B.
1377 4147 1553 4252 Hispo
2393 4210 2400 4218 ,
2432 4203 2445 4214 ,
