2892 4684
125 820 139 827 “
244 810 467 871 ltaliae
504 812 1165 907 propter-potentiam
1208 813 1641 888 habebantur,
1687 837 1769 877 ne

1489 163 1508 195 Ι

619 268 1054 337 mmmm
1095 272 1261 340 Lm.
1306 272 1589 398 cxxn13
1633 274 1863 345 mvn.
2067 240 2230 354 ’4.»3
2271 254 2278 262 ’

242 481 537 566 rigavit,
594 484 781 567 prius
816 484 1137 567 Rheginis
1182 482 1327 545 data
1364 482 1536 561 fide,
1593 500 1777 550 certo
1819 500 2227 561 curat-urum,
2287 486 2578 559 U.e.7io.‘

241 568 343 627 uti
391 585 428 625 e
468 582 743 627 numero
783 568 1039 629 urbium
1078 568 1556 639 eximerentur,
1603 589 1766 653 quae
1806 570 1872 629 in
1915 570 2230 633 victoriae
2285 558 2360 614 A·
2389 559 2570 628 04²·

241 649 607 729 praemium
652 650 993 731 promiss'ae
1039 648 1351 710 militibus
1392 650 1672 713 fuerant.
1733 651 1908 736 quod
1947 654 2118 713 enim
2159 672 2230 714 e-

242 742 395 788 rant
426 744 917 812 peropportuno
954 731 1021 791 in
1052 731 1335 791 Siciliam
1373 733 1525 802 situ,
1574 742 1640 795 et
1675 736 2232 875 propugnaculum

1853 836 1932 877 oc
1971 830 2232 877 terrore

246 892 335 950 ad
358 894 647 975 PompeJi
682 894 1023 955 amicitiam
1055 910 1470 977 cogerentur,
1509 896 1682 957 haud
1720 898 1950 979 injuria
1981 912 2234 965 metue·

246 972 377 1034 bat.
446 974 669 1036 eadem
721 976 925 1057 igitur
975 976 1399 1049 liberalitate,
1465 979 1782 1041 similibus
1833 980 1916 1040 de
1962 980 2228 1083 cauq'is,

244 1074 403 1136 erga
435 1056 851 1120 Vibonenses
889 1080 1045 1119 usus
1082 1057 1187 1122 est.

372 1179 451 1242 VJ
496 1180 581 1241 At
616 1182 989 1266 Pompeius,
1034 1182 1235 1244 totius
1272 1180 1538 1245 Siciliae
1577 1181 1848 1265 potitus,
1892 1182 1972 1243 A.
2003 1182 2224 1265 Bithy·-
2284 1188 2484 1243 sextus
2503 1186 2604 1247 Bi.

237 1260 495 1331 ninum,
543 1260 779 1326 structo
822 1266 1092 1325 crimine
1131 1264 1550 1347 proditionis,
1596 1265 1944 1326 interimit:
1989 1266 2224 1327 elatus·
2252 1261 2530 1327 ‘hyffen'

166 1412 187 1429 .
238 1362 375 1425 que
410 1342 723 1406 felicitate
763 1368 873 1406 sua
906 1366 1177 1427 pugnam
1212 1346 1502 1405 navalem
1528 1360 1737 1431 prope
1765 1346 2094 1427 Rhegium·
2116 1368 2234 1443 εἰς,
2254 1329 2546 1383 δ”*’ῗῗῢὶῆ

235 1423 490 1496 hibuit,
552 1440 621 1486 ut
666 1428 731 1486 in
771 1441 1122 1509 conspectu
1162 1424 1429 1487 hostium
1475 1428 1652 1488 elset.
1722 1428 2009 1511 captivos
2053 1449 2227 1489 enim

238 1505 420 1566 inter
458 1526 528 1567 se
569 1526 965 1569 concurrere
1009 1514 1334 1591 co‘Eget-at,
1382 1508 1545 1569 alios
1575 1510 1840 1593 ligneis,
1883 1510 2046 1570 alios
2083 1512 2226 1593 pel-

238 1587 433 1649 liceis
468 1590 770 1671 navigiis,
817 1589 895 1649 ad
929 1589 1359 1651 deridendum
1384 1584 1741 1650 Salvidieni
1774 1607 2226 1653 commentum.

241 1673 457 1735 Aucto
516 1670 755 1733 deinde
809 1672 1063 1732 navium
1117 1692 1425 1743 numero,
1490 1692 1681 1753 quum
1717 1673 1900 1731 'mare
1941 1674 2228 1735 vicinum

240 1746 415 1819 h‘aud
450 1750 647 1813 dubie
682 1751 952 1815 haberet
988 1755 1055 1813 in
1096 1751 1443 1837 potestate,
1487 1752 1766 1833 majores
1803 1755 1992 1814 etiam
2031 1757 2226 1838 spiri-

240 1840 346 1891 tus
382 1834 696 1917 sump‘sit,
750 1837 1034 1919 Neptuni
1082 1857 1153 1899 se
1193 1834 1397 1895 filium
1439 1835 1700 1909 ferens,
1760 1835 1934 1921 quod
1973 1851 2037 1898 et
2077 1838 2226 1921 ipse

240 1914 489 1977 valeret
527 1916 857 1988 class'ibus,
918 1930 981 1977 et
1018 1916 1405 2002 progenitus
1440 1916 1600 1979 effet
1633 1936 1749 1993 eo,
1796 1918 1908 2001 qui
1939 1920 2094 1979 olim
2123 1934 2230 1981 to-·

238 1996 371 2058 tius
404 1998 599 2059 maris
634 1998 979 2085 imperium
1008 2000 1327 2064 tenuisset.

360 2122 471 2186 Vl.
534 2123 801 2184 Interim
844 2124 1117 2199 Caesar,
1178 2124 1366 2186 class'e
1401 2118 1828 2186 Brundisium
1873 2122 2216 2197 advectus,
2277 2136 2492 2195 caesar
2515 2153 2566 2193 n

235 2222 381 2263 cum
416 2206 702 2266 Antonio
742 2205 1055 2288 agitabat,
1119 2206 1654 2290 quemadmodum
1701 2220 2220 2288 transportarent
2245 2209 2518 2293 Ancon-ius
2538 2212 2600 2261 ὅσα

236 2287 499 2369 copias,
568 2307 649 2371 ne
696 2308 731 2347 a
772 2292 999 2348 Murco
1048 2290 1544 2371 exciperentur,
1619 2289 1684 2349 in
1740 2288 1954 2349 vicina
2008 2288 2218 2349 insula
2247 2274 2562 2361 Graeciam·

236 2385 380 2427 cum
412 2368 680 2429 navibus
711 2382 965 2429 centum
1003 2369 1081 2429 ad
1112 2368 1235 2431 hoc
1265 2371 1476 2453 ipsum
1507 2370 1884 2432 excubante.
1930 2371 2218 2431 Tandem
2244 2347 2582 2471 :xzfflnau

236 2450 509 2521 Caesar,
583 2450 827 2531 ornatis
884 2450 1337 2534 instructisque
1393 2465 1713 2537 tamquam
1768 2451 1844 2512 ad
1893 2452 2220 2537 pro'elium
2283 2434 2318 2469 ⁸
2381 2432 2434 2472 γ’

234 2530 545 2603 navibus,
589 2544 820 2613 petere
860 2532 1131 2593 insulam
1170 2532 1435 2617 coepit..
1494 2536 1580 2595 At
1626 2538 1926 2607 Murcus,
1991 2550 2072 2595 ne
2115 2532 2220 2596 di-

232 2613 474 2673 micare
514 2612 686 2673 iocis
732 2612 1007 2696 angustis
1050 2630 1432 2699 cogeretur,
1489 2614 1642 2687 ubi,
1702 2615 1855 2676 hinc
1900 2619 2214 2691 Caesare,

234 2694 391 2755 inde
430 2696 716 2756 Antonio
760 2696 1308 2759 circumeuntibus
1330 2739 1361 2781 ,·
1394 2698 1637 2759 includi
1680 2698 1920 2781 poss'ct,
1967 2698 2215 2766 dimiss'a

230 2776 446 2860 priori
480 2774 783 2850 statione,
832 2776 895 2840 in
939 2792 1229 2861 apertum
1270 2793 1750 2845 mareevectus
1787 2777 1896 2841 est.
1959 2780 2212 2843 interea

234 2858 473 2919 Caesar
507 2858 848 2943 occupavit
885 2860 1195 2936 insulam3
1252 2872 1349 2933 et,
1398 2862 1547 2943 quia
1585 2860 1798 2925 nullus
1834 2862 1902 2920 in
1935 2864 2212 2956 propin·

230 2958 362 3023 quo
396 2955 624 3023 portus
663 2956 839 3013 erat,
886 2962 1075 3025 quem
1114 2952 1343 3002 tenere
1369 2946 1632 3003 Murcus
1667 2942 1897 3027 pollet,
1943 2965 2009 3003 m
2035 2946 2211 3007 The·

230 3021 590 3105 sprotidem
628 3020 845 3105 c'oc‘igit
876 3022 1336 3084 transmittere.
1422 3026 1506 3084 At
1537 3024 1648 3108 ille
1679 3024 1774 3085 sic
1803 3045 2064 3109 quoque
2095 3026 2210 3087 ob-

232 3102 529 3165 servabat
562 3104 919 3179 onerarias,
964 3104 1199 3188 quibus
1234 3104 1476 3165 milites
1512 3105 1579 3165 in
1601 3106 2046 3169 Macedoniam
2081 3120 2210 3168 tra·

210 3182 645 3265 'jiciebanturx
692 3208 1067 3271 quamquam
1104 3184 1584 3247 deducerentur
1618 3209 1651 3247 a
1682 3188 1980 3249 Caesaris
2011 3188 2210 3251 trire-

233 3266 465 3326 mibus.
554 3266 682 3327 Sed
721 3268 882 3329 adeo
924 3268 1147 3329 favens
1189 3266 1321 3327 illis
1356 3281 1587 3330 ventus
1623 3268 1786 3341 fuit,
1849 3282 1920 3331 ut
1955 3270 2208 3353 praesi-

231 3346 341 3409 dio
396 3345 559 3407 nihil
611 3368 811 3431 egere
861 3349 1265 3411 viderentur.
1354 3350 1656 3409 Ceterum
1697 3370 1912 3433 neque
1954 3350 2205 3435 postea,

229 3450 421 3512 quum
458 3442 525 3489 et
562 3450 798 3492 vacuae
839 3443 1332 3493 reverterentur
1365 3428 1821 3504 Brundisium,
1867 3446 1933 3494 et
1973 3434 2210 3495 iterum

227 3510 519 3593 repletae
557 3512 713 3573 alias
752 3514 972 3595 copias
1008 3512 1521 3583 transveherent,
1570 3511 2068 3609 deprehendere
2101 3536 2211 3579 eas

228 3592 297 3652 in
340 3612 575 3665 cursu,
640 3594 796 3656 licet
834 3608 1142 3678 expertus
1184 3594 1429 3663 omnia,
1495 3606 1741 3673 potuit:
1803 3596 2014 3657 donec
2067 3596 2212 3656 uni-

228 3694 456 3738 versus
494 3678 820 3739 exercitus
859 3694 998 3737 cum
1038 3678 1315 3738 Caesare
1354 3688 1421 3736 et
1447 3675 1734 3736 Antonio
1773 3678 1839 3737 in
1872 3680 2214 3743 Graeciam
2263 3712 2268 3720 =

226 3757 818 3839 transgrederetur.
872 3762 1136 3819 Murcus
1170 3771 1413 3828 tamen,
1458 3754 1616 3817 licet
1645 3758 1866 3820 iratam
1895 3761 2021 3821 sibi
2045 3762 2214 3822 For-

227 3854 443 3903 tunam
477 3853 767 3923 puteret,
831 3840 899 3901 in
935 3858 1009 3901 ea
1042 3838 1306 3901 statione
1340 3834 1647 3923 perstitit,
1711 3862 1982 3925 sperans
2021 3843 2204 3915 sore,

280 4010 1005 4117 ‘cap.1v.‘strab0‚1·.6.
1034 4029 1238 4100 pase.
1283 4028 1373 4100 Ap
1418 4024 1540 4081 ian.
1580 4024 1856 4145 ,σιμῇ
1895 4026 2205 4115 mvrpit.

218 4096 1349 4244 33‘1‘520351252231’5233·253232222.
1375 4104 1546 4237 555².-
1572 4094 1903 4237 itam
1947 4098 2210 4249 *fr-m·-
