2892 4684
671 220 790 282 522
869 215 1272 285 FREINSH.
1291 208 2121 279 SUPPLEMENTORUR
2146 207 2538 297 Limxclli.

349 426 415 480 U.
437 442 490 479 e.
511 428 636 497 7⁸4.
675 425 1007 509 legemque
1041 424 1567 507 Apollophanemt
1616 426 1727 509 qui
1764 422 1983 485 itidem
2017 419 2312 504 Pompeii
2344 418 2631 495 libertus

345 496 501 550 &0-
527 496 618 551 33·
679 520 838 569 erat.
905 510 1004 569 Et
1041 508 1307 577 Caesar,
1351 508 1620 577 auditis,
1662 526 1825 587 quae
1863 506 1940 566 ad
1970 506 2197 567 Cumas
2238 514 2417 563 erant
2456 514 2625 572 acta,

307 566 627 686 ’,θ’ἐΥὼ·
675 608 798 672 per
831 588 1066 649 fretum
1103 589 1467 670 navigabat,
1511 603 1579 650 ut
1606 587 1953 649 Calvisium
1982 584 2444 667 con‘ungeret.‘
2466 580 2629 661 jam-

314 648 438 687 “m'
497 648 552 687 '⁰
681 672 806 753 que
853 668 1092 748 Stylida
1148 682 1631 751 praeterveetus
1673 667 2025 747 Scyllaeum
2125 664 2407 735 emebat,
2464 682 2629 745 pro-

677 751 1061 811 montorium
1105 750 1354 821 ltaliae‚
1415 772 1609 835 quum
1644 770 1677 811 a
1704 748 1977 809 Mess'ana
2008 744 2353 829 Pompeius
2390 764 2629 805 excur-

677 850 864 899 rens,
911 830 1344 913 adgrediendo
1378 834 1700 916 proximas
1733 850 1959 899 naves,
2002 824 2407 911 insequendo¹
2434 844 2631 908 prae-

677 910 951 993 gress'as,
1007 912 1366 974 universam
1405 914 1653 975 claffem
1690 910 1980 972 adtinuit.
2038 928 2251 990 neque
2296 920 2503 969 tamen
2543 904 2631 967 ad

677 994 1072 1053 Praetorium
1119 1008 1372 1057 ceterae
1417 1016 1489 1055 se
1530 1005 1951 1075 receperunt,
2012 1010 2141 1051 non
2182 990 2435 1050 sinente
2464 988 2631 1049 Cae-

681 1092 862 1145 sare,
921 1072 1058 1135 sive
1109 1090 1379 1157 propter
1431 1072 1768 1157 angustiam
1817 1071 2142 1143 locorum,
2209 1071 2345 1131 aive
2396 1086 2631 1129 secun·

681 1154 826 1213 dum
861 1153 1042 1235 prius
1076 1154 1400 1219 decretum
1435 1158 1674 1217 vitante
1713 1172 2007 1237 pugnam.
2084 1154 2165 1213 At
2186 1150 2627 1211 Demochares

679 1252 822 1295 eum
852 1234 1292 1319 Apollophane
1333 1238 1501 1297 binis
1541 1236 1811 1295 navibus
1852 1232 2123 1317 adgressi
2164 1232 2441 1314 singulas
2467 1273 2485 1303 ‚
2528 1244 2631 1291 ta-

679 1334 826 1375 men
886 1313 1052 1375 haud
1114 1318 1374 1377 multum
1435 1316 1901 1399 proficiebant3
1979 1313 2531 1399 propugnantibus
2588 1332 2629 1371 e

681 1410 903 1456 contra
945 1396 1355 1477 regionariis,
1403 1413 1469 1459 et
1507 1396 1938 1479 magnitudine
1976 1394 2417 1465 rostratarum,
2462 1412 2627 1475 quae

681 1497 717 1536 a
753 1476 1108 1537 minoribus
1145 1478 1252 1538 vix
1290 1492 1423 1540 tuto
1462 1478 1950 1561 impetebantur.

361 1614 436 1665 Ε,
451 1626 658 1681 nup„
807 1582 974 1643 XVI.
1022 1579 1150 1642 Sed
1177 1581 1288 1643 ubi
1313 1584 1702 1667 Pompeiani,
1747 1580 2031 1664 receptis
2062 1580 2237 1642 sellis
2266 1594 2457 1663 atque
2484 1572 2635 1639 sauss

309 1689 657 1751 „farge-e.
684 1661 842 1731 ciis,
898 1660 1168 1723 subinde
1205 1664 1268 1721 in
1304 1686 1575 1748 pugnam
1614 1662 2005 1725 reducebant
2038 1662 2359 1745 integros,
2416 1680 2631 1743 neque

682 1738 904 1805 rostris
943 1754 1176 1802 tantum
1202 1786 1216 1813 ‚
1276 1745 1386 1805 sed
1425 1746 1611 1805 etiam
1652 1744 1873 1822 jaculis
1904 1743 2163 1825 ignitis,
2224 1742 2629 1817 saeviebant3

566 1882 574 1889 .
681 1823 903 1964 :trigeri
937 1824 1332 1898 Caesariani,
1377 1827 1686 1907 pulsaque
1728 1823 1803 1884 ad
1839 1827 1987 1885 litus
2025 1824 2300 1905 navigia,
2346 1820 2629 1881 hostibus

679 1906 746 1965 in
799 1904 1084 1976 antibus,
1147 1906 1317 1967 inter
1358 1927 1465 1975 se,
1522 1920 1627 1966 aut
1663 1904 1739 1965 ad
1784 1926 1925 1967 saxa
1960 1902 2217 1971 collidi,
2276 1904 2627 1997 geminum·

683 2005 810 2068 que
863 1985 1046 2079 plane
1095 1986 1370 2047 Cumano
1424 1987 1751 2072 negotium
1806 1986 1953 2047 effe.
2054 1986 2143 2045 lbi
2186 1986 2453 2057 Caesar,
2517 2004 2628 2043 ex-

681 2084 1022 2127 scensione
1054 2067 1251 2134 facta.
1295 2068 1708 2129 succurrebat
1790 2066 2278 2133 criclitantibus,
2325 2065 2627 2125 adnantes

681 2146 1068 2241 suscipiens,
1112 2148 1565 2231 deducetisque
1596 2150 1662 2208 in
1698 2170 1734 2211 e
1784 2142 1993 2223 itiora.
2080 2146 2208 2206 Sed
2238 2144 2631 2227 Cornificius

679 2242 1012 2309 ceterique
1047 2228 1280 2302 duces,
1321 2230 1638 2291 cohortati
1676 2228 1979 2297 invicem,
2026 2226 2247 2307 injuss'u
2276 2230 2633 2310 Imperato-

680 2309 778 2371 ris
813 2309 1098 2403 abruptis
1129 2312 1566 2383 ancoralibus,
1612 2312 1675 2371 in
1716 2312 1903 2373 altum
1940 2309 2153 2373 evecti
2186 2322 2362 2378 sunt,
2410 2322 2477 2369 ut
2507 2327 2629 2388 po-

617 2440 620 2445 .
683 2392 814 2453 tius
853 2410 988 2450 ausi
1025 2392 1264 2473 aliquid
1350 2394 1633 2461 erirent,
1678 2410 1859 2475 quam
1900 2386 2183 2450 hostibus
2223 2408 2289 2449 se
2322 2389 2629 2449 obteren-

687 2470 807 2533 dos
845 2470 1070 2533 darent
1101 2472 1291 2531 immo
1341 2474 1482 2535 iles.
1565 2477 1699 2533 Nee
1722 2474 1882 2532 male
1906 2472 2085 2532 cess'it
2108 2467 2378 2539 audacia,
2423 2471 2627 2529 Prae-

683 2550 1038 2632 toriamque
1074 2552 1491 2613 Democharis
1523 2552 1907 2613 Cornificius
1942 2552 2153 2635 cepit.
2196 2551 2523 2634 praefecto
2557 2548 2631 2609 in

682 2631 866 2691 eliam
923 2651 1144 2693 navem
1199 2634 1619 2694 transiliente.
1704 2634 1962 2695 Interim
2008 2648 2072 2694 et
2110 2652 2237 2692 nox
2278 2631 2635 2713 adpropin-

686 2712 952 2794 quabat,
1023 2727 1085 2773 et
1141 2732 1282 2773 cum
1329 2715 1607 2776 Calvisio
1658 2730 1721 2777 et
1760 2712 2115 2776 Menodoro
2161 2714 2453 2775 Caesaris
2506 2712 2633 2771 alia

683 2794 926 2855 class'is:
969 2814 1090 2876 qua
1121 2810 1500 2876 conspecta,
1544 2793 1917 2879 Pompeiani
1954 2794 2393 2865 diacess'erunt,
2440 2795 2629 2878 isque

684 2892 869 2935 casus
924 2874 1204 2936 servavit
1259 2876 1544 2957 reliquas
1596 2878 1891 2939 „Caesaris
1940 2896 2172 2947 naves,
2229 2896 2313 2935 ne
2356 2894 2629 2955 prorsus

687 2974 906 3017 omnes
954 2954 1477 3018 abstraherentur
1514 2956 1589 3018 ab
1632 2956 1952 3031 hostibus,
2016 2971 2121 3018 aut
2160 2956 2430 3017 immiss'o
2475 2956 2626 3037 igne

687 3034 1134 3119 deflagrat-ent.
1231 3056 1238 3063 ·
1486 3068 1502 3075 -

339 3174 662 3227 mmmm,-
808 3142 1004 3205 an.
1051 3144 1144 3203 Ea
1175 3159 1365 3206 nocte
1393 3144 1713 3231 plerique,
1752 3142 2000 3206 relictis
2027 3142 2314 3215 navibus,
2352 3140 2416 3201 in
2448 3160 2631 3200 mon-

318 3244 660 3300 rmgffsffla,
687 3234 784 3283 tes
817 3242 886 3283 se
916 3238 1336 3307 receperunt,
1397 3228 1692 3288 adcensis
1734 3226 1989 3307 ignibus
2026 3224 2353 3286 fortunam.
2380 3218 2631 3302 signifi-

687 3316 923 3364 cantes.
1021 3306 1166 3389 lpse
1213 3308 1485 3382 Caesar,
1556 3309 1725 3370 inter
1780 3326 1993 3367 rerum
2051 3306 2327 3367 omnium
2384 3322 2630 3383 egenos

687 3382 1282 3461 circumeat-sitam,
1345 3388 1577 3450 durare
1620 3388 1909 3467 jubebat,
1970 3387 2173 3448 donec
2214 3384 2353 3446 dies
2392 3382 2631 3445 redde-

685 3476 887 3524 retur.
968 3470 1103 3529 Nec
1158 3488 1190 3528 a
1238 3470 1507 3532 navibus
1566 3468 1906 3551 quidquam
1962 3482 2097 3529 erat
2148 3464 2405 3537 auxilii,
2466 3478 2633 3545 quae

683 3545 804 3626 jam
853 3548 1209 3629 tempestate
1253 3550 1473 3631 jactari
1512 3564 1891 3633 coeperant:
1938 3562 2003 3611 et
2036 3548 2377 3611 Calvisium
2420 3544 2633 3606 adeffe

684 3627 1076 3691 nesciebant.
1173 3620 1579 3715 Pompeianis
1626 3630 1791 3691 enim
1836 3630 1991 3692 solis
2026 3631 2204 3691 visus
2242 3640 2414 3701 erat3
2479 3624 2629 3707 qui,

685 3706 942 3791 longius
975 3731 1012 3771 a
1043 3724 1216 3773 terra
1251 3713 1607 3797 disjuncti,¹
1632 3712 2015 3796 prospicere
2048 3710 2304 3773 facilius
2337 3707 2403 3767 in
2436 3706 2631 3767 altum

685 3803 1049 3873 potuerant.
1106 3791 1174 3853 iu
1215 3794 1342 3857 hoo
1381 3796 1655 3859 articulo
1692 3794 2099 3861 necemtatis.
2118 3791 2287 3855 bona
2324 3784 2639 3873 quaedam

2678 3958 2725 3987 δ

687 4059 736 4115 Δ
743 3990 1068 4132 1§litigii-XV.
1115 3989 1248 4047 Dio.
1279 3989 1537 4065 Appian-
1623 3993 1769 4065 Cup.
1804 3993 1959 4051 xvl.
2008 3991 2143 4050 Dio.
2182 3991 2438 4067 Appiani.
2492 3988 2643 4045 Dio.
