2892 4684
1856 99 1888 112 Ὦ

610 215 731 316 294
790 185 2070 294 FnEm'sHsssurPLEMENToRUM
2085 177 2636 292 nmmum:

604 349 1666 385 ..μ-ψ*

257 439 327 494 U.
368 457 421 494 ο.
454 440 577 508 708.
610 454 829 502 tonem
860 440 1327 520 tyrannicidas,
1370 453 1690 526 tamquam
1717 439 1952 503 horum
1980 437 2443 513 imitatoribus,
2485 459 2616 524 po-

264 511 333 564 Α·
371 510 438 563 0·
470 513 559 578 44·
609 523 854 585 nendas
898 523 1300 586 locaverunt.
1683 557 1695 564 ·

142 651 163 678 ‘
246 645 577 718 Moxpatam
726 631 834 690 111.
894 630 1075 690 Haec
1112 610 1496 712 agentibus,
1543 627 1616 688 C.
1653 629 2036 696 Caesarem,
2083 641 2309 704 coacte
2347 625 2613 688 exerci-

220 718 402 779 copias
440 735 561 774 eon·
603 723 712 781 tu,
776 723 1069 772 senatum
1112 711 1474 778 defendere
1517 723 1744 772 contra
1781 709 2053 770 Antonii
2096 709 2614 770 dominationem
2653 772 2673 786 ,

223 785 425 838 ‘ulm-
606 805 674 852 et
707 791 1012 872 injurias,
1068 793 1353 854 auditum
1396 791 1506 854 est.
1594 791 1803 873 Igitur
1845 791 1964 852 sub
2001 789 2345 874 praetextu
2383 791 2480 851 rei
2533 811 2612 850 u-
2707 789 2712 794 ’

444 883 459 897 ”
605 875 817 936 hlieae
866 887 934 936 et
976 875 1136 936 belli
1172 875 1524 936 Antoniani
1555 875 1800 936 Caffius
1841 874 1906 933 in
1941 872 2188 953 Syriam
2223 813 2610 944 contendit,

602 957 730 1040 jam
771 956 923 1018 inde
962 977 999 1016 a
1040 955 1373 1040 quaestura
1419 956 1805 1031 benevolam
1847 970 1913 1018 et
1949 955 2371 1032 familiarem3
2437 958 2612 1015 Bru-

606 1053 749 1108 tus,
797 1039 1137 1100 Graeciam
1182 1053 1373 1120 atque
1403 1037 1868 1106 Macedoniam·
1895 1052 2365 1120 occupaturus,
2411 1035 2612 1100 facile

606 1120 1029 1183 contrahebat
1063 1121 1375 1204 reliquias
1399 1119 1946 1206 Pompeianorum
1972 1119 2395 1190 exercituum,
2440 1138 2612 1202 quae

604 1215 739 1264 tum
792 1201 998 1264 adhuc
1047 1224 1167 1286 per
1202 1205 1544 1266 Graeciam
1595 1201 2021 1285 vagabantur:
2083 1203 2313 1270 etiam,
2366 1221 2532 1283 quos
2570 1221 2610 1260 a

602 1284 945 1346 Dolabella
987 1279 1199 1369 nuper
1242 1286 1549 1348 advectos
1598 1285 1864 1346 morbus
1923 1297 2032 1345 aut
2087 1283 2336 1344 oblivio
2393 1302 2613 1343 sacra-

604 1366 807 1428 menti
848 1368 1247 1439 retinuerat,
1296 1369 1471 1434 ultro
1513 1365 1972 1432 adfluentibus.
2013 1367 2282 1449 flgitur„
2315 1364 2610 1448 profess'o

602 1447 728 1528 jam
772 1449 1089 1536 eonsiliO,
1155 1450 1234 1510 ad
1278 1449 1500 1512 ostium
1541 1447 1774 1530 Caystri
1815 1450 2109 1533 perrexit
2145 1446 2614 1508 Romanisna·

606 1531 798 1591 vibus
848 1531 1140 1603 obviam,
1205 1531 1548 1616 pecuniam
1603 1553 1745 1594 cum
1787 1537 1874 1593 M.
1911 1529 2193 1614 Apuleio
2233 1526 2610 1611 quaestore,

606 1614 721 1693 qui
740 1654 769 1698 5
804 1613 1039 1676 tradita
1076 1615 1147 1675 C.
1177 1614 1518 1676 Trebonio
1551 1615 1912 1697 provincia,
1957 1611 2340 1683 decedebat,
2385 1611 2450 1671 in
2485 1615 2612 1673 lta-

606 1691 1231 1775 liamlportantibus.
1314 1696 1419 1758 Ab
1471 1697 1599 1757 hoc
1645 1697 1964 1780 Apulejo,
2025 1715 2336 1778 perquam
2395 1694 2614 1755 amico

607 1775 737 1838 sibi
779 1776 1081 1847 homine,
1143 1781 1387 1842 Brutus
1432 1793 1500 1840 et
1545 1779 1768 1861 copias
1814 1778 2104 1859 accepit,
2176 1791 2241 1838 et
2298 1776 2610 1840 talentum

606 1857 938 1922 sexdecim
972 1858 1177 1920 millia
1214 1880 1297 1922 ex
1336 1861 1602 1941 tributis
1641 1875 1834 1944 atque
1867 1859 2297 1942 vectigalibus
2330 1857 2545 1920 Asiae.

266 1978 411 2040 Eius
442 1976 575 2030 out·-
726 1967 837 2030 IV.
900 1965 1117 2048 Quum
1164 1964 1320 2026 inde
1356 1967 1613 2027 Samum
1653 1979 2140 2038 reverteretur,
2209 1965 2386 2026 forte
2425 1977 2608 2026 nata-

214 2064 350 2132 ’δορα
379 2065 530 2104 1²⁰⁸·-
600 2048 687 2111 lis
725 2061 865 2110 erat
894 2047 1125 2136 Erguti:
1168 2065 1381 2131 eoque
1414 2049 1504 2108 ob
1539 2070 1678 2109 rem
1717 2049 2010 2110 feliciter
2045 2047 2408 2110 confectam
2441 2046 2610 2106 hila-

599 2131 783 2200 rior,
836 2129 1143 2214 poculum
1184 2129 1602 2192 in'convivio
1641 2131 1948 2214 poposcit
1995 2129 2340 2212 grandius,
2407 2127 2608 2211 idque

600 2231 792 2273 manu
850 2224 1079 2276 tenens
1133 2211 1265 2271 alta·
1304 2231 1472 2273 voce
1522 2214 1746 2274 retulit
1779 2215 2016 2275 Graeci
2058 2216 2292 2295 poetae
2333 2231 2604 2281 versus,

600 2294 789 2373 asoto
816 2295 877 2372 fi'
912 2314 965 2350 et
996 2291 1205 2352 Phoebo
1238 2294 1494 2371 Apolline
1535 2294 1889 2374 pallicmtlori.
1997 2297 2177 2355 Haec
2218 2313 2382 2366 vox,
2453 2292 2608 2373 quia

598 2375 775 2438 nulla
816 2373 1413 2457 adlini-entecauss'a
1455 2391 1594 2438 erat
1616 2376 1828 2457 jacta,
1875 2377 2009 2438 vim
2047 2375 2376 2462 praesagii
2415 2372 2605 2434 dein-

599 2457 684 2518 de
726 2457 991 2519 haberi?
1012 2457 1151 2519 visa
1194 2453 1317 2517 esti
1389 2460 1618 2540 utique
1675 2457 2005 2542 postquam
2061 2458 2291 2518 ultimo
2341 2455 2607 2539 proelio

600 2540 743 2600 sive
790 2540 935 2622 ipse
959 2581 976 2611 ,
1008 2540 1181 2601 ,sive
1216 2541 1461 2600 Caesar
1503 2554 1568 2600 et
1598 2540 1923 2602 Antonius
1947 2583 1966 2614 ,
2027 2538 2379 2621 (utrumvis
2429 2539 2608 2598 enim
2663 2554 2670 2567 ‘

598 2619 912 2698 traditur)
971 2621 1227 2702 signum
1282 2621 1602 2682 militibus
1664 2621 1989 2684 dederunt
2034 2620 2364 2704 Apollinem.
2471 2618 2632 2682 Sedr

597 2702 763 2766 haee
802 2701 1187 2788 posterioris
1225 2697 1458 2786 paullo‘
1479 2703 1802 2788 temporis
1843 2718 2013 2766 sunt.

722 2811 806 2872 V.
870 2809 957 2870 At
1012 2824 1145 2870 tum
1202 2807 1466 2891 quidem
1511 2811 1793 2881 Brutus,
1862 2824 2134 2872 erectus·
2175 2809 2253 2870 ad
2308 2819 2610 2872 conatum

602 2891 1019 2976 comparandi
1062 2891 1388 2951 exercitus
1410 2933 1427 2960 ,
1476 2891 1666 2966 etiam
1695 2893 2008 2954 Veterem
2043 2891 2382 2956 Antistium
2416 2890 2610 2952 indu-

600 2975 736 3046 xit,
806 2987 876 3035 ut
914 2974 1097 3034 daret
1139 2972 1199 3033 ei
1240 2993 1317 3032 ex
1364 2993 1476 3033 sua
1513 2975 1789 3056 pecunia
1831 2975 2072 3046 vicies,
2140 2995 2342 3058 seque
2391 2974 2610 3057 ipsum

602 3053 883 3118 offerret
934 3075 1009 3116 ae
1050 3055 1482 3137 conjungeret
1527 3057 1846 3140 partibus.
1935 3057 2062 3118 Sed
2105 3069 2172 3118 et
2212 3055 2626 3140 equitatum‚·

603 3140 718 3220 qui
760 3138 827 3200 in
870 3137 1117 3218 Syriam
1164 3137 1522 3198 ducebatur
1569 3136 1922 3218 bipartito,
1980 3139 2354 3222 intercepit.
2419 3137 2612 3220 quin-
2683 3145 2696 3168 ⁸

604 3220 786 3302 genti
832 3221 1088 3301 equites
1128 3241 1161 3278 a
1199 3219 1401 3298 Cinna
1442 3217 1780 3302 quaestore
1820 3221 1898 3281 ad
1934 3223 2207 3282 Brutum
2247 3223 2314 3283 in
2343 3217 2610 3280 Thess'a-

602 3303 693 3362 lia
742 3299 1201 3377 discell'erunt3
1272 3315 1572 3372 ceteros,
1619 3301 1732 3385 qui
1769 3323 1893 3385 per
1927 3303 2375 3366 Macedoniam
2410 3299 2611 3364 duce-

605 3383 877 3453 bantur,
944 3383 1057 3442 Cn.
1095 3381 1427 3446 Domitius
1471 3404 1506 3442 a
1547 3383 1764 3466 legato
1797 3385 2064 3466 Syriaco
2107 3385 2398 3448 abduxit.
2481 3383 2610 3444 Le-

604 3465 755 3548 gio,
802 3485 993 3550 quam
1030 3463 1282 3548 legatus
1314 3463 1588 3526 Antonii
1625 3467 1700 3524 L.
1737 3467 1899 3526 Piso
1941 3465 2250 3540 ducebat,
2299 3464 2612 3528 Ciceroni

605 3545 1011 3608 adolescenti
1068 3565 1138 3608 se
1192 3545 1485 3610 tradidit.
1573 3547 1840 3608 Interim
1899 3561 1970 3613 et
2017 3550 2199 3648 ⁵.P⁸‘³’
2267 3547 2610 3630 profectus

603 3625 1128 3702 Demetriadem,
1174 3649 1501 3692 armorum
1539 3629 1874 3711 ingentem
1907 3649 2195 3716 copiam,
2242 3651 2430 3715 quae,
2475 3627 2614 3709 jus-

669 3779 1127 3858 eap.·1‘11.·Liv.
1156 3785 1315 3858 Epit.
1355 3785 1493 3843 Dio.
1534 3786 1661 3842 cic.
1695 3786 1848 3841 Phil.
1890 3809 1972 3851 n,
2011 3789 2095 3844 13.
2135 3786 2390 3860 Appian.
2431 3785 2611 3842 civil.

602 3855 647 3908 1.
676 3861 731 3916 4.
772 3857 921 3912 Plut.
966 3857 1104 3913 Dio.
1148 3858 1303 3910 Plut.
1346 3857 1503 3910 Vell.
1541 3878 1596 3920 2,
1627 3859 1718 3914 62.
1770 3855 1908 3912 Dio.
1965 3859 2087 3912 Cic.
2118 3859 2292 3928 Epist.
2331 3855 2407 3910 ad
2435 3859 2608 3911 Brut.

607 3945 656 3988 ι,
686 3944 741 3992 7.
780 3927 871 3998 Δρ
922 3927 1036 3979 ian.
1078 3925 1253 3982 Civil.
1286 3923 1437 3980 libb.
1461 3928 1518 3981 3.
1543 3935 1602 3980 et
1622 3929 1677 3990 4.
1753 3927 1898 3998 Cup.
1929 3929 2036 3984 lv.
2077 3928 2226 3981 Plut.
2261 3937 2318 3979 ct
2348 3924 2608 3996 Appium
2664 3975 2672 3985 ,

600 3993 645 4049 l.
670 4000 725 4062 4.
761 3947 966 4066 pmgss.
1000 4005 1061 4048 et
1095 3993 1225 4048 Val.
1257 3995 1415 4050 Max.
1443 4013 1492 4062 ι,
1523 3999 1578 4050 5.
1657 3993 1806 4065 Cap.
1833 4000 1912 4054 V.
1962 3998 2088 4052 Cic.
2115 3996 2292 4066 Epist.
2330 3997 2402 4048 ad
2435 3998 2608 4049 Brut.

607 4082 662 4142 ι..
687 4083 763 4116 ιι.
810 4064 975 4188 glut-ti.
1013 4063 1157 4190 lege.
1186 4065 1341 4132 Phil,
1376 4081 1464 4136 io,
1493 4066 1548 4122 6.
1583 4072 1646 4122 et
1679 4086 1762 4134 u,
1801 4083 1888 4125 ιε..
1937 4067 2092 4124 Plut.
2131 4065 2255 4122 Cic.
2291 4063 2449 4122 Plut.
2487 4065 2650 4139 Apo,

600 4149 766 4204 Plau·
858 4151 981 4186 UH·
1036 4169 1054 4187 ο
1110 4169 1130 4188 ο
2414 4163 2424 4172 ⁰
2471 4181 2482 4188 .
