2892 4684
642 205 771 276 aas
831 172 1251 290 unnim-sn.
1278 199 2122 267 surranum-ronna
2145 203 2300 287 ις».
2317 185 2650 270 nxxm.

653 315 2623 363 .—.-—-——-—-————-J——-—-——-—.--—-

310 416 381 474 U.
413 415 623 486 c.·708.
769 417 877 478 111.
928 414 1002 474 C.
1048 409 1363 475 Octavius
1417 409 1718 472 civilium'
1767 411 1959 477 simul
2015 425 2211 496 atque
2263 414 2648 478 militarium

306 488 381 542 Α·
419 488 488 543 C·
516 488 608 552 44·
650 496 884 561 artium
933 493 1157 556 studiis
1204 503 1456 553 sextum
1493 485 1620 570 jam
1659 512 1949 555 mensem
1986 497 2283 571 vacabat,
2343 494 2650 580 magistro

224 585 235 620 '-
281 556 626 640 .⁰·⁰⁶‘”-³“‘
652 577 919 642 dicendi
952 596 1111 637 usus
1138 575 1192 635 A
1244 572 1549 634 ollodoro
1576 576 2023 657 Pergameno,
2071 598 2263 661 quem
2296 578 2421 658 jam
2449 598 2648 660 gran·
2703 586 2710 594 ‘

272 626 556 750 ‘toffzr
650 663 801 724 dem
836 672 991 720 natu
1027 662 1107 717 ex
1138 677 1217 716 ur
1266 675 1302 715 e
1342 672 1564 715 secum
1593 657 2008 740 Apolloniam
2045 660 2530 721 Taulantioi-um
2571 681 2648 723 e·

266 711 313 765 ’
370 709 410 764 p
534 725 555 746 ⁹
649 743 959 818 duxerat,
1041 735 1421 822 praemiss'us
1484 736 1562 798 ab
1627 738 1945 799 avunculo
2005 738 2086 800 ad
2137 741 2440 804 Geticum
2497 743 2648 806 bel-

648 827 807 888 lum.
915 817 1355 884 circumcirca
1414 817 1715 900 legiones
1787 833 1972 882 erant
2041 823 2436 896 collocatae,
2517 825 2647 886 im-

648 920 1025 992 peratorem
1080 911 1578 982 exspectantes3
1663 922 1892 984 quem,
1965 899 2363 988 longinquos
2429 904 2647 978 hostes

648 988 1087 1071 cogitantem,
1164 980 1443 1054 interim.
1507 981 1852 1045 domestica
1916 983 2098 1047 fraus
2167 987 2642 1084 absumpserat.

648 1070 723 1132 Id
766 1067 878 1133 ubi
916 1076 1319 1148 compertum
1356 1059 1443 1126 est
1470 1105 1487 1137 ,
1547 1085 1670 1147 pro
1713 1066 2052 1129 atrocitate
2097 1067 2198 1129 rei
2241 1090 2458 1152 gravis
2498 1083 2646 1143 orta

649 1147 1119 1218 consternatio,
1187 1159 1253 1206 et
1300 1165 1379 1208 ex
1428 1147 1746 1228 proximis
1791 1147 2087 1211 hibernis
2129 1171 2482 1228 concursus
2516 1152 2646 1213 tri-

650 1233 971 1296 bunorum
1012 1241 1080 1290 et
1114 1228 1565 1289 centurionum
1601 1228 1681 1289 ad
1713 1228 2054 1292 Octavium
2089 1232 2245 1305 fuit,
2305 1255 2480 1295 suam
2519 1234 2647 1294 mi-

648 1315 1273 1396 litumquessoperam
1312 1307 1752 1372 offerentium.
1805 1331 1928 1373 nec
1971 1313 2400 1396 spernendam
2435 1315 2650 1378 Salvi-

652 1396 885 1459 dienus
927 1408 993 1458 et
1026 1393 1316 1476 Agrippa
1350 1390 1758 1470 judicabant,
1825 1397 2190 1478 aequalium
2228 1396 2649 1460 familiariffi-

650 1477 765 1539 mi.
853 1475 987 1539 Sed
1024 1475 1207 1558 ipsc,
1254 1474 1409 1535 licet
1442 1473 1509 1534 in
1549 1475 1914 1557 puerilibus
1949 1478 2174 1550 annis,
2220 1479 2454 1540 eximia
2489 1501 2651 1569 pru-

650 1560 923 1632 dentia„
962 1556 1127 1620 nihil
1173 1555 1429 1628 moliri,
1489 1561 1946 1643 rerum'atque
1994 1560 2353 1621 animorum
2399 1562 2653 1623 incom-

651 1655 845 1727 perto
889 1637 1087 1710 statu,
1134 1652 1390 1711 certus,
1439 1637 1519 1700 ad
1554 1640 1780 1701 urbem
1818 1662 1942 1724 pro
1993 1643 2239 1704 erevit:
2281 1645 2508 1705 matris
2545 1645 2650 1703 in-

534 1729 551 1738 “
654 1743 858 1808 super
887 1737 953 1785 et
974 1720 1271 1804 Philippi
1298 1720 1524 1784 vitrici
1552 1721 1766 1784 literis
1791 1742 1911 1785 con
1966 1737 2229 1799 rmatus,
2273 1725 2510 1812 quibus
2539 1746 2650 1788 ea-

653 1805 803 1869 dem
843 1803 1207 1890 placebant.
2493 1823 2506 1830 ·
2615 1821 2658 1837 ‘⁸

290 1924 295 1934 “
318 1937 611 2005 Br'unafffl
776 1929 888 2000 IV.
920 1925 1163 2011 igitur,
1206 1927 1483 2006 trajecto
1513 1927 1849 1992 Adriatico
1893 1931 2077 2004 mari,
2121 1930 2390 2014 Lupiam
2429 1929 2647 2014 petiit,

170 2079 181 2088 ,
280 2019 564 2082 honorifico
650 2012 1093 2110 propinquum
1118 2009 1474 2071 Brundisio
1501 2011 1832 2094 oppidum,
1859 2014 2149 2076 incertus
2175 2013 2403 2084 adhuc,
2427 2031 2655 2095 quem-

281 2086 618 2170 exfipftura
658 2091 999 2154 admodum
1054 2091 1316 2152 animati
1371 2091 1614 2154 milites
1665 2094 1903 2166 ess'ent,
1971 2095 2082 2180 qui
2129 2116 2220 2174 eo¹
2252 2095 2578 2180 praemiss'i
2617 2115 2655 2154 a

281 2157 581 2210 ”⁸¹¹⁸“⁶“⁸·
661 2178 940 2238 Caesare
988 2171 1267 2233 fuerant.
1354 2173 1454 2234 lbi
1511 2173 1592 2235 de
1650 2173 2018 2242 testamento
2067 2177 2363 2238 Caesaris
2421 2189 2488 2238 et
2537 2173 2652 2236 ad-

659 2257 927 2340 optione
984 2275 1138 2326 sua,
1203 2254 1490 2338 itemque
1540 2257 1768 2341 populi
1820 2256 1903 2318 ob
1952 2259 2370 2320 intersectum
2417 2261 2654 2320 Caesa-

656 2357 795 2400 rem
835 2336 1065 2398 dolore
1103 2335 1309 2397 factus
1352 2335 1620 2408 certior,
1671 2359 2047 2434 quamquam
2085 2339 2475 2423 propinquis
2515 2338 2655 2399 dis·

660 2417 1117 2491 suadentibus,
1164 2437 1441 2479 cernere
1477 2419 1908 2481 hereditatem
1943 2419 2191 2483 statuit:
2239 2434 2305 2482 et
2334 2419 2654 2504 praemis-

659 2501 794 2574 sis,
859 2501 971 2584 qui
1020 2501 1559 2583 specularentur,
1631 2520 1866 2562 numne
1917 2502 2153 2586 aliquis
2201 2523 2280 2565 ex
2325 2503 2656 2586 perculso-

658 2605 801 2654 rum
840 2601 1151 2654 numero,
1193 2582 1336 2643 ,sibi
1377 2599 1640 2663 quoque
1681 2583 2103 2656 metuendus,
2166 2583 2506 2644 Brundisii
2547 2603 2666 2644 ese

659 2679 794 2736 set,
850 2661 1175 2748 postquam
1220 2664 1431 2724 omnia
1473 2676 1604 2723 tuta
1643 2667 1993 2744 cognovit,
2039 2657 2274 2727 eodem
2315 2664 2657 2748 profectus

658 2743 767 2811 est.
854 2746 1216 2806 Exiverunt
1251 2743 1508 2805 obviam
1545 2742 1878 2826 legiones,
1923 2767 2280 2836 magnaque
2314 2759 2660 2834 exceptum

658 2827 909 2892 laetitia
944 2827 1014 2888 in
1052 2824 1363 2910 oppidum
1400 2824 1833 2887 deduxerunt.

274 2951 279 2959 ·
345 2961 603 3014 Ouum-5
782 2933 865 2998 V.
926 2931 1100 2992 Hinc
1146 2933 1261 2996 ille
1308 2929 1760 3004 confirmatus,
1832 2931 2012 2994 adire
2057 2933 2530 3006 hereditatem,
2589 2945 2662 2996 et

286 3047 467 3082 nomen
506 3027 601 3078 aa·
644 3035 899 3080 momen
944 3012 1316 3076 adsciscere
1348 3014 1648 3076 Caesaris
1689 3035 1821 3077 non
1860 3013 2146 3076 distulit:
2199 3014 2521 3098 hujusque
2561 3015 2660 3076 fa-

290 3097 634 3152 “¹5⁶1’804‘8fl·
662 3118 824 3162 vore
864 3114 1105 3180 paucos
1146 3096 1314 3158 intra
1356 3095 1500 3159 dies
1542 3110 1608 3158 et
1647 3095 1892 3159 firmam
1929 3095 2204 3160 militum
2238 3117 2527 3168 manum,
2593 3109 2662 3159 et

284 3168 427 3222 ⁰5⁰5·
660 3179 981 3263 pecuniae
1008 3176 1151 3238 vim
1186 3177 1361 3238 haud
1396 3177 1830 3261 spernendam
1868 3177 2141 3261 adeptus
2169 3177 2276 3251 est,
2321 3173 2660 3240 confluen-

661 3260 840 3324 tibus
896 3260 975 3322 ad
1026 3278 1213 3331 eum,
1284 3259 1403 3343 qui
1440 3257 1808 3342 profecturi
1847 3259 2205 3322 Brundisio
2249 3262 2316 3325 in
2353 3259 2662 3320 Macedo-

662 3345 837 3406 niam
878 3341 1174 3412 fuerant,
1238 3341 1482 3424 quique
1533 3359 1678 3402 cum
1727 3360 1879 3402 aere
1924 3340 2190 3424 publico
2235 3341 2582 3418 veniebant
2619 3359 2660 3402 e

661 3423 1115 3488 transmarinis
1152 3423 1539 3508 provinciis.
1627 3423 1798 3484 Satis
1836 3422 1989 3482 hinc
2025 3423 2306 3484 munitus
2341 3422 2661 3485 adversus

638 3504 799 3566 “vim
832 3524 866 3564 a
917 3519 1143 3575 ertam,
1186 3503 1305 3566 sed
1346 3517 1415 3564 ut
1453 3504 1521 3564 in
1555 3523 1719 3564 nova
1753 3503 2033 3564 amicitia
2071 3519 2451 3586 suspectans
2481 3523 2658 3577 suos,

665 3603 812 3648 cum
884 3584 1188 3669 requenti
1227 3585 1534 3648 comitatu
1577 3581 1908 3667 proficisci
1948 3587 2189 3668 coepit.

743 3693 899 3756 *VL
960 3689 1470 3770 Municipiorum
1519 3710 1650 3751 non
1699 3703 1842 3751 erat
1885 3692 2171 3753 omnium
2217 3691 2394 3753 idem
2436 3691 2660 3752 favor:

646 3772 788 3836 sed
830 3787 1288 3838 veteranorum
1334 3771 1580 3856 ubique
1628 3791 1872 3860 summa
1909 3769 2110 3835 studia
2135 3816 2152 3847 ,
2219 3773 2545 3836 vindictae
2589 3792 2662 3837 se

669 3985 683 4010 ,
736 3959 882 4033 οη.
914 3959 1022 4016 111.
1062 3956 1321 4030 Appian.
1360 3957 1538 4014 cava.
1567 3959 1609 4014 1.
1639 3960 1695 4015 s.
1726 3957 1987 4024 sueton.
2023 3921 2172 4029 Aug.
2206 3959 2262 4016 s.
2303 3957 2473 4026 περ.
2509 3955 2666 4010 mut.

615 4036 622 4043 ’
662 4031 877 4097 Bruto.
924 4028 1064 4092 Dio,
1085 4027 1127 4080 1.
1146 4029 1239 4096 4⁵·
1283 4027 1435 4082 Vell.
1460 4029 1625 4097 πῶς.
1666 4027 1923 4098 Appian.
1963 4027 2212 4102 Sueten.
2249 4025 2400 4102 Aug.
2422 4027 2478 4084 8.
2505 4025 2668 4082 vell.

662 4097 923 4174 Appiam
986 4099 1141 4172 Cap.
1176 4099 1251 4156 V.
1290 4095 1433 4176 Dio.
1465 4096 1585 4198 ful.
1616 4097 1842 4172 Obscq.
1875 4095 2140 4170 Appian.
2287 4121 2300 4128 -
