2892 4684
1534 2 1566 25 ἱ

1565 111 1582 124 ,
1913 45 1951 114 L

620 213 745 280 244
796 203 1198 270 FRErNsn.
1226 191 2060 270 SUPPLEMENTO'RUM
2084 201 2237 266 Lm.
2261 203 2555 271 Lxxx1.

381 433 431 470 ο.
458 418 585 486 708.
628 415 717 478 cii
770 387 1322 508 existimarentur3
1382 433 1421 474 e
1473 411 1713 508 quibus
1761 386 1976 498 postea
2013 413 2084 481 C.
2113 414 2465 489 Octavius,
2528 417 2610 478 P.

378 486 447 542 C·
477 493 567 555 44·
628 498 945 560 Lentulus
985 501 1060 558 P.
1093 499 1145 558 F
1150 539 1167 555 .
1207 493 1558 578 Spinther,
1603 515 1871 580 ejusque
1912 493 2250 560 familiaris
2285 499 2611 573 Patiscus,

282 415 353 471 U.

281 487 355 542 A.

630 578 873 662 aliique
914 578 1281 640 vindicibus
1318 576 1616 638 Caesaris
1667 598 1908 659 poenas
1961 579 2288 643 dederunt
2322 581 2612 642 insolen-

622 662 791 732 tiae,
838 661 1013 743 quod
1050 681 1119 722 se
1160 656 1644 743 percuss'oribus
1678 659 2108 738 miscuerant3
2151 683 2350 744 quum
2371 663 2614 728 nullam

671 757 875 804 artem
918 743 1168 838 gloriae
1216 739 1539 810 tulill'ent,
1603 740 1903 804 omnibus
1949 762 2066 804 eos
2107 743 2281 805 facto
2323 763 2451 806 non
2497 744 2614 804 ad-

623 765 815 886 fuiffe
846 825 1227 885 scientibus.
1316 819 1448 886 Sed
1484 821 1766 903 populus
1801 823 1914 884 diu
1945 825 2306 908 trepidam,
2351 824 2465 885 ubi
2495 845 2615 886 ne·

624 905 865 968 minem
904 920 1241 988 praeterea
1277 901 1449 964 laedi
1485 901 1704 995 petire
1743 903 2060 978 constitit,
2103 907 2300 968 verba
2339 927 2614 991 percus-

630 1008 851 1050 sorum
890 988 1146 1070 accepit
1183 983 1638 1068 tranquillior,
1701 983 1837 1045 bono
1871 991 2048 1050 animo
2085 987 2440 1069 jubentium
2470 987 2612 1070 effi,

631 1071 897 1161 positoque
930 1075 1074 1128 omni
1110 1086 1255 1127 metu
1272 1109 1292 1139 ,
1350 1085 1512 1145 quam
1551 1065 1651 1124 diu
1686 1069 1830 1128 votis
1867 1069 2185 1150 expettffi’m
2201 1111 2218 1143 ‚
2279 1092 2421 1130 num:
2451 1069 2615 1132 bene·

288 1141 413 1225 M}
424 1178 607 1240 „mm
623 1149 751 1226 ficio
788 1153 879 1228 {uo
913 1149 1205 1220 haberent,
1250 1166 1446 1228 puram
1481 1145 1706 1206 haume
1737 1145 2066 1211 libertatem.
2151 1155 2244 1213 lta
2264 1194 2280 1225 ‚
2325 1151 2614 1214 multitu..

256 1239 605 1311 Capitolium.
633 1230 785 1292 dine·
819 1243 1165 1314 utcumque
1196 1229 1463 1313 placata,
1507 1245 1723 1313 neque
1751 1243 1964 1292 tamen
1999 1232 2132 1295 illis
2163 1253 2234 1295 se
2261 1232 2616 1316 adjungen-
2704 1259 2710 1266 ·

301 1553 597 1624 Eodemque

630 1314 737 1383 te‘,
804 1316 891 1374 Ca
942 1313 1195 1375 itolium
1238 1310 1609 1396 petierunt,
1678 1324 1998 1396 tamquam
2027 1315 2176 1376 Diis
2223 1315 2433 1378 acturi
2471 1335 2620 1396 gra-

632 1395 754 1458 tias
776 1415 795 1474 3
844 1395 892 1456 il
920 1393 1136 1479 udque
1175 1391 1385 1478 stipati
1424 1412 1614 1453 manu
1650 1392 2080 1475 gladiatorum
2119 1391 2536 1483 occuparunt.

758 1542 983 1606 Lxm.
1032 1541 1354 1606 Clamabat
1397 1556 1530 1604 tum
1577 1541 1812 1605 Cicero
1834 1585 1852 1615 ,
1903 1541 2154 1624 finarum
2189 1547 2248 1604 in
2285 1544 2623 1623 Capitolium

256 1627 609 1694 aliiquidmn
632 1645 667 1682 a
711 1626 1053 1705 praetoribus
1101 1627 1287 1686 vocari
1333 1641 1605 1706 oportere.
1668 1624 1844 1708 quod
1883 1624 2184 1708 profecto
2222 1626 2279 1687 si
2313 1625 2492 1687 foret
2523 1624 2622 1686 sa-

227 1707 607 1766 .⁸‘''⁶⁸⁰²‘²⁸¹'‘·
636 1719 855 1778 ctum,
899 1708 1090 1790 longe
1134 1707 1356 1778 aliter,
1405 1717 1596 1788 atque
1637 1705 1910 1780 accidit,
1957 1703 2254 1768 constitui
2294 1707 2626 1790 respubli-

255 1763 441 1816 niunt-

278 2845 351 2900 1..
368 2843 543 2899 Cinna
562 2841 623 2897 iu

635 1807 707 1855 ca
739 1788 1063 1872 potuiss'et.
1138 1791 1472 1850 Venerant
1505 1800 1713 1849 tamen
1755 1788 1820 1847 in
1846 1787 2254 1872 Capitolium,
2301 1788 2622 1872 advespe-

632 1885 935 1932 rascente
972 1869 1114 1942 die,
1162 1866 1513 1941 Favonius,
1561 1869 1904 1953 Aquinius,
1955 1873 2242 1943 Murcus,
2287 1870 2620 1932 Patiscus:

635 1951 753 2013 sed
792 1966 857 2014 et
884 1951 1261 2024 Dolabella,
1314 1952 1429 2012 'am
1466 1952 1724 2012 consult
1771 1951 2014 2035 quippe
2049 1951 2263 2014 fasces
2297 1966 2485 2035 atque
2521 1952 2628 2012 in-

636 2035 847 2117 signia
886 2034 1250 2098 consularia
1288 1969 1490 2122 [iatim
1529 2033 1972 2128 corripuerat:
2022 2053 2399 2132 quamquam
2444 2034 2629 2094 nullo
2679 2104 2692 2116 ·

630 2115 777 2197 jure
820 2115 1043 2177 facere
1091 2115 1468 2187 videretur,
1531 2111 2007 2176 substituendus
2050 2135 2115 2177 m
2155 2114 2366 2177 locum
2446 2114 2629 2177 rose-

636 2199 763 2260 ctit
840 2197 957 2259 sed
999 2197 1111 2258 ille
1151 2197 1520 2282 profectum
1564 2196 2145 2278 interpretabatur,
2212 2200 2321 2280 qui
2362 2219 2397 2257 e
2453 2211 2518 2259 et
2555 2198 2631 2257 in

638 2299 713 2342 ea
750 2279 976 2352 cauffa,
1028 2293 1097 2342 ut
1133 2279 1405 2362 amplius
1498 2275 1785 2339 roficisci
1824 2299 1954 2339 non
1989 2277 2218 2362 poss'et.
2277 2273 2628 2352 Postridie,

635 2361 788 2423 foro
840 2362 1053 2422 venali
1106 2360 1294 2424 turba
1342 2379 1461 2443 rep
1493 2363 1634 2431 eto,
1703 2379 1887 2441 quam
1941 2381 2062 2444 per
2107 2360 2347 2421 amicos
2386 2359 2630 2425 Cassius

638 2459 1163 2527 comparaverat,
1229 2444 1494 2522 jactatae
1549 2459 1746 2502 voces
1794 2454 1982 2512 sunt,
2042 2461 2174 2502 non
2217 2441 2632 2524 probantium

638 2525 919 2602 factum3
966 2527 1082 2588 sed
1120 2543 1343 2608 pacem
1384 2535 1449 2583 et
1484 2519 1898 2582 concordiam
1936 2519 2421 2618 postulantium:
2467 2543 2635 2606 quae

636 2625 787 2680 res,
851 2607 981 2668 nisi
1037 2610 1495 2692 ignosceretur
1541 2601 2118 2696 interfectoribus,
2180 2603 2466 2666 obtineri
2497 2625 2636 2668 non

638 2702 921 2773 poterat.
1703 2743 1708 2773 Ι

768 2819 999 2884 LXIV.
1064 2820 1245 2881 Haec
1304 2819 1647 2902 agentibus
1703 2817 2108 2882 commodum
2166 2820 2241 2880 L.
2287 2818 2640 2882 Cornelius

268 2918 553 2969 caesarem
650 2901 852 2966 Cinna
897 2916 1162 2986 praetor
1206 2903 1610 2985 supervenit.
1696 2907 1795 2974 Is,
1841 2923 2056 2985 neque
2093 2901 2478 2974 adfinitatis,
2519 2921 2642 2964 ne-

268 2985 566 3039 invehitur.
648 3006 775 3069 que
811 2983 1280 3046 beneficiorum
1311 3004 1581 3052 memor.
1628 2999 1765 3049 acta
1791 2984 2088 3046 Caesaris
2123 2984 2356 3044 acerba
2393 2984 2640 3046 oratio-

567 3131 571 3138 ,
645 3087 730 3128 ne
774 3088 897 3150 pro
939 3063 1162 3126 rostris
1212 3067 1566 3128 insectatus
1615 3065 1740 3141 est,
1798 3065 2167 3148 insignibus
2211 3066 2402 3131 etiam
2435 3063 2642 3147 magi-

646 3147 873 3210 stratus
906 3147 1210 3227 abjectis,
1254 3169 1388 3228 quae
1416 3147 1523 3227 Jiln·
1563 3151 1695 3208 data
1737 3168 1927 3207 contra
1962 3146 2100 3227 leges
2133 3167 2166 3204 a
2192 3165 2424 3220 tyranno
2457 3145 2644 3208 dice-

646 3231 792 3292 bat:
848 3244 1204 3326 auctorque
1235 3244 1395 3306 *erat
1446 3231 1692 3312 populo
1747 3227 2112 3290 deducendi
2163 3225 2486 3290 libertatis
2531 3249 2647 3288 au-

541 3367 555 3396 ,
653 3324 872 3374 ctores
904 3333 937 3370 a
966 3313 1313 3396 Capitolio,
1358 3313 1802 3397 praemiisque
1841 3324 1908 3373 et
1943 3308 2302 3371 honoribus
2341 3310 2642 3372 ornandi.

651 3393 883 3478 Neque
922 3407 1133 3455 tamen
1175 3393 1381 3456 adhuc
1428 3393 1596 3456 ultra
1681 3395 1897 3457 riores
1939 3411 2135 3453 voces
2176 3392 2444 3453 incaluit
2477 3391 2646 3454 mul-

652 3472 866 3536 titudo
889 3475 921 3546 ,‘
972 3476 1272 3538 Caesaris
1310 3489 1458 3537 ante
1506 3495 1627 3537 ocu
1657 3497 1730 3536 os
1777 3474 2166 3536 obversante
2204 3471 2411 3534 adhuc
2447 3472 2648 3554 maje-

656 3554 849 3628 state,
917 3569 983 3618 et
1040 3557 1295 3619 incerto
1348 3577 1571 3618 rerum
1625 3557 1823 3617 exitu.
1911 3553 2080 3626 Sed,
2142 3554 2255 3616 ubi
2303 3554 2648 3617 Dolabella

654 3655 806 3701 cum
840 3637 1183 3700 lictoribus
1220 3636 1461 3712 adsuit,
1526 3651 1717 3724 atque
1751 3634 1922 3697 haud
1957 3635 2299 3698 dissimilia
2336 3637 2648 3719 loquutus

1042 3755 1087 3764 ..ν

732 3826 878 3898 Cap.
913 3825 1090 3881 an.
1141 3825 1267 3882 Cic.
1299 3823 1457 3908 Phil.
1483 3845 1536 3894 2,
1573 3843 1670 3908 ¹¹·.
1693 3825 1847 3880 Plut.
1882 3825 2052 3881 Caes.
2099 3822 2356 3906 Appian.
2411 3822 2539 3907 Cic.
2571 3819 2652 3890 ,nd

654 3893 828 3952 Fam.
867 3913 947 3963 ια,
986 3901 1068 3963 ¹4·
1108 3896 1264 3950 Plut.
1301 3895 1561 3968 Appian.
1599 3897 1736 3949 Duo.
1775 3895 1930 3948 Plut.
1969 3896 2173 3948 Bruto.
2214 3891 2649 3964 D10„App1an.

656 3961 827 4020 vell.
866 3981 915 4030 s,
950 3965 1036 4020 58.
1076 3964 1203 4019 Liv.
1234 3964 1393 4036 Epit.
1469 3966 1551 4022 Ca
1601 3964 1835 4019 ‚Lx111.
1875 3963 2002 4019 Cic.
2033 3959 2108 4014 ad
2131 3961 2252 4015 Act.
2289 3964 2370 4026 14,
2408 3979 2492 4017 ιο.
2525 3964 2654 4032 ΑΡ-

666 4049 851 4161 ἱιίἰιῆ
877 4033 1023 4162 Belgi
1057 4034 1214 4161 ὩΙΙ.
1249 4033 1508 4106 Appian.
1605 4032 1772 4088 useb.
1806 4031 1943 4088 Chr.
1989 4029 2128 4086 Dio.
2169 4028 2426 4112 appiam
2497 4028 2648 4104 Cap.

853 4136 871 4158 ο
1027 4136 1046 4157 ·
1138 4119 1230 4162 ax.
1261 4121 1317 4177 9,
1348 4122 1402 4177 9.
1440 4101 1688 4176 sueton.
1723 4101 1893 4178 Caes.
1919 4101 2010 4162 85.
2043 4099 2302 4173 Appiam
2501 4129 2506 4136 ·
