2892 4684
481 461 605 532 ¹708.

294 459 365 516 15.
404 477 459 520 u.

294 530 367 590 A.
396 531 463 590 C.
500 535 590 604 44.

638 259 761 343 24⁶
827 233 1233 324 melnen.
1264 232 2110 323 suPPLnMENro'nun
2128 258 2284 320 Lm.
2305 253 2604 322 Lxxxx.

640 469 788 541 fuit,
833 490 1019 553 quam
1053 469 1552 554 negotiosiss'imi
1587 471 1730 532 dies
1763 471 1892 532 ess'e
1916 479 2423 532 consueverunt.
2475 468 2642 528 Nam

644 567 711 616 et
738 551 1030 635 Lepidus
1074 554 1144 613 in
1187 552 1337 614 foro
1378 551 1660 614 tetendit
1703 571 1850 614 cum
1889 549 2252 625 militibus;
2315 563 2383 612 et
2423 548 2636 608 Anto·-

642 633 830 706 nius‘·‚
898 633 1025 698 hoc
1067 633 1399 716 praesidio
1439 635 1681 703 tutior,
1751 634 2014 712 jubebat
2063 631 2386 694 excubare
2427 628 2637 712 magi-

643 713 911 788 stratus,
958 716 1211 780 facibus
1245 717 1574 789 accensis,
1617 730 1684 778 et
1727 717 1914 798 quasi
1954 715 2036 777 de
2079 714 2187 774 die
2231 711 2467 774 sedere
2505 729 2635 794 pro

521 811 533 834 ·
640 794 1043 894 rostris-per
1084 799 1295 860 vicos.
1397 801 1550 878 Ipse
1604 799 1948 881 pecuniam
2001 794 2636 876 commentariosqne

644 880 943 945 Caesaris
985 879 1320 964 deportari
1352 877 1529 960 juffit
1563 880 1631 940 in
1663 879 1858 942 aedes
1897 898 2083 941 suas:
2127 877 2448 938 incertum
2479 893 2638 936 suo-

640 982 727 1022 ne
768 962 1047 1024 consilio
1094 976 1160 1024 et
1194 962 1454 1045 proprii
1497 962 1914 1023 emolumenti
1941 959 2196 1032 ‘cauffa‚
2259 979 2342 1021 an
2399 968 2632 1020 orama

644 1044 991 1130 Calpurnia
1013 1087 1029 1117 ,
1076 1065 1159 1106 ne
1198 1063 1319 1128 per
1351 1043 1689 1106 tumultum
1725 1040 2192 1128 diriperentur.

764 1151 1051 1216 valu.
1111 1147 1526 1212 Liberalibus
1572 1151 1718 1211 luce
1761 1152 1970 1236 prima
2013 1149 2370 1211 convenire
2395 1148 2630 1208 Patres

642 1231 709 1302 in
740 1231 1032 1295 Telluris
1080 1245 1466 1316 coeperunt.
1534 1252 1613 1293 eo
1667 1247 1959 1294 senatum
2011 1231 2214 1294 indici
2261 1230 2625 1313 placuerat,

642 1311 819 1396 quod
840 1315 1021 1376 curia
1046 1313 1333 1392 subjecta
1350 1313 1697 1396 capitolin,
1733 1317 1804 1376 in
1834 1335 1964 1400 quo
1999 1313 2392 1398 gladiatores
2423 1323 2627 1396 eraut,

639 1407 961 1478 tamquam
1032 1395 1316 1459 obnoxia
1392 1393 1878 1474 conjuratorum
1948 1394 2210 1458 insidiis
2281 1392 2627 1456 vitabatur.

310 1477 507 1533 cto-nae
524 1495 610 1551 pe»
640 1475 855 1558 Quum
911 1478 1083 1542 inter
1133 1491 1391 1541 ceteros
1437 1477 1682 1538 intrare
1721 1479 1926 1542 Cinna
1978 1479 2214 1550 vellet,
2273 1475 2630 1558 resumptis

262 1547 525 1607 ticulum.

366 2561 595 2627 Senatus

273 2630 571 2689 discordia.

330 3163 593 3234 Diversa}

158 3317 165 3323 1
274 3251 590 3308 sententiae.

636 1559 1028 1642 insignibus,
1074 1581 1239 1657 quae
1272 1558 1490 1644 pridie
1521 1559 1925 1642 projecerat3
1980 1573 2203 1623 coorta
2237 1557 2629 1628 est-in-eum,

634 1661 802 1723 quae
850 1643 1148 1706 Caesaris
1205 1661 1433 1703 necem
1487 1661 1683 1722 aegre
1734 1643 2028 1717 ferebat,
2092 1639 2318 1724 populi
2363 1659 2626 1710 manus,

630 1721 1114 1808 laceratumque
1152 1724 1516 1788 maledictis
1557 1736 1624 1784 et
1657 1724 1979 1808 lapidibus
2013 1723 2372 1808 adpetitum
2412 1723 2478 1782 in
2510 1720 2630 1780 do-

632 1823 807 1866 mum
845 1806 1181 1888 quamdam
1218 1810 1576 1888 coegerunt
1621 1807 2004 1890 confugere.
2071 1825 2286 1888 neque
2327 1804 2436 1864 hic
2476 1802 2631 1863 finis

636 1898 777 1950 erat
808 1889 1125 1971 periculi=
1176 1888 1347 1970 ligna
1384 1887 1680 1970 congesta
1719 1905 1889 1964 sunt,
1935 1905 2001 1952 et
2033 1884 2404 1950 incendium
2437 1906 2629 1969 para-

632 1981 790 2040 tum,
834 1970 901 2031 ni
928 1971 1216 2054 Lepidus
1250 1989 1395 2032 cum
1428 1970 1689 2030 armatis
1721 1971 2077 2034 adcurrens
2111 1970 2242 2029 vim
2273 1983 2628 2030 extremam

632 2050 955 2114 ercuiss'et.
1042 2051 1256 2124 Idem,
1322 2050 1401 2112 ad
1455 2070 1683 2113 omnes
1733 2051 1946 2116 aditus
1997 2051 2234 2136 positis
2279 2047 2624 2120 custodiis,

632 2133 987 2215 ingress'um
1038 2132 1281 2197 ceteris
1330 2133 1640 2196 tutiorem
1693 2132 2022 2218 praestitit.
2109 2131 2241 2196 Sed
2287 2145 2498 2195 tamen
2543 2129 2624 2213 ab

631 2211 762 2276 hoc
808 2214 999 2278 initio
1040 2217 1337 2278 Caesaris
1386 2214 1681 2278 fautores
1729 2229 2124 2302 receperunt
2167 2215 2454 2285 animos,
2517 2227 2622 2286 et,

636 2313 831 2378 quum
882 2297 1158 2360 subinde
1198 2298 1419 2382 plures
1464 2318 1690 2360 eorum
1728 2310 2236 2369 concurrerent,
2300 2295 2624 2358 Cass'iano·

632 2397 777 2438 rum
818 2381 1373 2444 mercenariorum
1405 2379 1651 2442 fractae
1686 2401 1760 2442 ac
1797 2379 2171 2443 debilitatae
2197 2397 2394 2442 voces
2416 2375 2630 2440 conti-

634 2473 932 2522 cuerunt.

708 2567 986 2632 .Lxlx.
1044 2567 1311 2630 Interim
1357 2565 1604 2653 perstre
1657 2567 1802 2632 ebat
1859 2581 2122 2629 senatus
2175 2567 2336 2630 mira
2387 2585 2625 2629 vocum

636 2644 1135 2731 orationumque
1187 2649 1554 2723 discordia,
1667 2669 1746 2710 oc
1803 2651 2383 2732 intemperantius,
2451 2645 2630 2731 quod

634 2728 907 2792 libertas
951 2751 1027 2792 ex
1058 2732 1404 2794 intervallo
1434 2729 1897 2816 regussabatur.
1944 2733 2244 2814 proximo
2271 2732 2444 2794 enim
2468 2750 2626 2812 qua·

635 2810 942 2872 driennio
967 2814 1286 2904 pleraque
1322 2829 1548 2876 contra
1577 2812 1770 2875 animi
1805 2813 1909 2873 sui
1940 2815 2324 2876 sententiam
2351 2831 2628 2875 censue-

632 2905 801 2954 rant.
887 2895 1211 2978 Pleraque
1262 2909 1474 2958 tamen
1525 2917 1710 2981 pars,
1773 2894 2001 2956 favens
2052 2891 2440 2974 conjuratis,
2503 2911 2622 2955 eos

631 2993 895 3059 quoque
943 2975 1205 3055 jubebat
1248 2980 1512 3040 arcess'iz
1573 2997 1786 3061 neque
1833 2976 2232 3062 repugnabat
2262 2976 2624 3048 Antonius,

632 3057 1020 3128 sciensn'on
1056 3059 1185 3122 ess'e
1222 3059 1682 3123 descensuros.

755 3163 957 3226 LXX.
1015 3165 1118 3228 De
1164 3165 1518 3229 interfecto
1560 3169 1836 3230 Caesare
1873 3165 2070 3227 multa
2114 3178 2182 3227 et
2221 3163 2480 3226 diversa
2524 3161 2625 3223 di·

635 3243 984 3317 cebantur‚
1053 3268 1248 3330 quum
1294 3249 1439 3310 aliis
1493 3247 1864 3333 pessimum,
1926 3247 2069 3308 aliis
2105 3244 2620 3330 pulcherrimum

632 3325 886 3388 facinus
922 3327 1049 3391 effe
1080 3329 1436 3394 videretur.
1481 3351 1654 3413 parS,
1697 3342 1962 3391 auctore
1989 3327 2093 3389 Ti.
2115 3333 2398 3399 Nerone,
2429 3347 2621 3411 prae·

631 3407 761 3467 mia
797 3407 1194 3474 decernebat
1230 3410 1810 3474 interfectoribus:
1871 3411 1982 3472 alii
2021 3411 2261 3492 gratias
2298 3409 2617 3491 agendas,

632 3489 917 3559 omiffis.
976 3512 1140 3586 quae
1188 3513 1273 3554 ne
1316 3493 1448 3576 ipsi
1491 3491 1753 3576 quidem
1796 3489 2227 3575 postularent,
2283 3491 2618 3577 praemiis.

634 3585 856 3644 erant,
918 3594 1032 3657 qut
1072 3573 1385 3638 sufficere
1428 3573 1779 3636 crederent
1823 3573 2291 3658 impunitatem.
2379 3575 2623 3636 Contra

607 3651 1009 3726 ‘dicebatur‚
1053 3676 1168 3716 rem
1206 3655 1305 3735 effi.-
1341 3653 1656 3736 commzffam
1695 3659 1910 3714 minime
1943 3654 2270 3715 laudabilem
2289 3699 2306 3730 ‚
2351 3654 2619 3735 reipubli-

632 3721 723 3796 ὶαε
768 3755 949 3796 tamen
996 3737 1400 3798 condonandam
1418 3779 1436 3810 ‚
1498 3757 1568 3797 ne
1599 3739 1754 3796 novis
1781 3734 2100 3796 vulneribus
2134 3757 2344 3797 veteres
2375 3737 2620 3796 civilium

631 3815 903 3877 malorum
936 3821 1213 3882 cicatrices
1242 3817 1717 3900 rescinderentur.-
1777 3815 1894 3880 sed
1921 3815 2211 3884 honores
2245 3817 2618 3882 adimeban-

701 4011 845 4082 Cap.
875 4009 1107 4070 LXVII.
1143 4008 1282 4065 Dio.
1320 4007 1576 4082 Appiae.
1651 4007 1793 4080 cap.
1826 4009 2087 4064 LXVIII.
2123 4005 2250 4062 Cio.
2282 4007 2355 4063 ad
2381 4009 2502 4064 Att.
2530 4011 2614 4078 16,

636 4095 721 4132 ιο.
760 4090 819 4133 et
858 4085 941 4140 ιίι.
986 4079 1130 4138 Dio.
1184 4078 1274 4153 Ap
1320 4078 1438 4135 ian.
1511 4078 1656 4151 Gap.
1691 4079 1888 4134 LXIX.
1939 4078 2078 4132 Dio.
2128 4075 2388 4160 Appiam
2460 4079 2615 4158 Cap.

505 4228 511 4242 ι
582 4230 585 4236 ¹
632 4147 803 4207 Lxx.
852 4152 991 4209 Tac.
1018 4149 1173 4209 Ann.
1203 4167 1253 4221 ι,
1325 4185 1345 4208 .
1395 4147 1645 4208 Sueten.
1694 4148 1898 4208 Tiber.
1925 4150 1982 4219 4.
2023 4147 2287 4239 ¹Appian-
