2892 4684
614 211 675 303 ἰι
690 251 768 317 ¹4
820 243 1217 307 FREINSH.
1236 242 2066 309 SUPPLEMENTORUM
2089 245 2239 307 Lm.
2259 194 2576 311 mixvn.

304 450 369 505 U·
396 467 450 503 c·
476 450 604 517 ⁴704·
645 449 877 534 pianus
918 463 1181 521 censet,
1241 452 1570 514 Fortunae
1621 454 1964 517 Caesarem
2005 450 2335 515 efferenti
2385 448 2584 512 ceder
2681 500 2689 509 .

302 518 375 575 Α·
410 518 478 573 C·
512 519 605 585 43·
646 534 1031 602 tumomnia
1072 532 1465 595 debuerunt.
2555 548 2560 557 ·

305 669 513 722 caesar
536 668 617 722 A.
764 656 992 716 xxm.
1038 654 1121 717 At
1152 656 1410 727 Caesar,
1442 668 1935 739 praetervectus
1966 648 2144 716 offam
2165 652 2380 729 Asiae,
2407 654 2633 739 Ephe·

266 739 619 819 stupu-oliuu
645 758 783 797 sum
816 736 1065 821 attigit,
1114 738 1339 821 ibique
1379 751 1714 798 senatores
1751 758 1976 798 omnes
2017 756 2097 797 ex
2131 736 2468 821 provincia
2509 738 2630 799 sub

265 808 583 892 f‘?”st⁸‘““·'
642 818 908 880 eosdem
956 820 1100 879 dies
1138 838 1219 879 eo
1258 832 1650 880 convocatos
1695 820 1822 880 ess'e
1859 820 2169 901 cognovit
2208 840 2240 879 a
2277 822 2354 879 T.
2387 820 2630 901 Ampio

614 900 885 972 Balbo,
949 902 1060 983 qui
1104 900 1181 959 ad
1221 898 1573 961 tollendam
1612 920 1690 960 ex
1725 901 1970 983 templo
2009 919 2251 961 sacram
2285 902 2631 983 pecuniam

638 979 905 1043 testibus
953 982 1055 1043 his
1096 982 1189 1043 uti
1232 982 1589 1079 cogitass'et.
1685 982 1797 1043 Sic
1839 982 2072 1041 iterum
2117 995 2370 1044 servata
2405 982 2631 1065 Ephe-

642 1063 779 1125 siae
824 1064 1070 1132 Dianae
1116 1082 1435 1147 pecunia,
1491 1066 1678 1123 Ionas
1718 1076 2100 1147 ceterasque
2139 1070 2370 1147 gentes
2405 1066 2626 1137 Asiae,

638 1144 842 1205 miffis
885 1146 1117 1239 legatis
1157 1144 1625 1229 deprecantes,
1689 1145 1877 1206 venia
1913 1160 2389 1228 prosequutus,
2447 1148 2631 1206 insu-

634 1244 760 1309 per
800 1227 1198 1310 provinciam
1237 1226 1734 1309 publicanorum
1769 1226 2030 1307 injuriis
2070 1240 2136 1287 et
2171 1229 2410 1288 triente
2449 1228 2628 1288 soliti

634 1308 866 1369 tributi
894 1308 1157 1370 levavit.
1214 1327 1335 1370 nec
1375 1321 1584 1368 tamen
1621 1308 1844 1371 omisit
1877 1306 2380 1391 locupletiorum
2415 1310 2627 1391 publi·

634 1408 785 1449 care
829 1389 1159 1463 fortunas,
1216 1410 1380 1473 quos
1430 1390 1653 1451 faviss'e
1693 1390 2012 1473 Pompeio
2055 1387 2409 1452 constabat:
2511 1412 2626 1451 uo-

632 1491 779 1531 rum
808 1470 1219 1551 Pythodorus
1260 1492 1341 1533 ex
1373 1469 1825 1531 Asiarcharum
1863 1491 2134 1531 numero
2157 1514 2174 1543 ‚
2235 1492 2430 1554 quum
2463 1410 2626 1533 duo-

633 1551 757 1613 bus
810 1554 1201 1615 talentorum
1240 1552 1534 1613 millibus
1575 1554 1851 1636 amplius
1893 1552 2284 1634 poffideret,
2345 1553 2628 1615 redemit

634 1658 667 1695 a
706 1635 985 1725 Caesare
1025 1649 1185 1717 opes
1222 1656 1401 1704 suas,
1465 1656 1504 1693 n
1601 1655 1682 1695 ue
1717 1636 2010 1695 minores
2043 1633 2320 1715 reliquit
2355 1634 2624 1697 liberis:

634 1714 805 1777 unde
858 1733 1005 1777 mox
1063 1717 1142 1779 ad
1200 1717 1423 1798 regale
1481 1654 1800 1799 ffftigium
1855 1714 2357 1775 adscenderunt.
2459 1721 2625 1777 Tum

630 1816 794 1859 vero
830 1812 896 1859 et
925 1798 1187 1861 Gnidiis
1224 1797 1592 1859 immunitas
1627 1798 1768 1859 data
1799 1809 2074 1879 propter
2103 1796 2622 1880 Theopompum,

630 1880 743 1961 qui
789 1876 962 1941 inter
1006 1882 1297 1943 Graecos
1346 1880 1591 1941 amicos
1641 1880 1994 1965 praecipue
2035 1878 2358 1963 gratiosus
2400 1894 2466 1941 et
2502 1900 2624 1963 po-

618 1976 779 2049 gens
818 1962 989 2045 apud
1022 1965 1367 2025 Caesarem
1408 1975 1570 2022 erat.

280 2098 287 2115 ¹
322 2090 565 2149 Rhodum
608 2100 615 2109 “
752 2086 985 2149 XXIV.
1034 2084 1167 2146 Sed
1198 2086 1458 2157 Caesar,
1503 2084 1729 2168 paucis
1766 2084 2000 2146 diebus
2035 2084 2100 2145 in
2127 2081 2282 2145 Asia
2309 2098 2619 2157 moratus,

262 2164 516 2234 ”vivu-
628 2167 751 2249 jam
804 2188 885 2227 ue
922 2167 1135 2231 minus
1176 2165 1477 2227 dubitans
1501 2208 1517 2237 ‚
1564 2167 1630 2226 in
1669 2170 2023 2250 Aegyptum
2051 2167 2182 2245 ‚iss’e
2215 2165 2619 2249 Pompejum,

630 2189 806 2333 quod
849 2249 1043 2333 Cypri
1086 2248 1297 2310 visum
1332 2248 1472 2309 effe
1515 2262 1952 2332 cognoverat,
2019 2246 2316 2309 Rhodum
2359 2247 2619 2328 naviga-

626 2331 757 2403 vit,
816 2344 917 2407 et,
974 2330 1308 2401 collectis„
1356 2345 1516 2412 quot
1561 2330 1778 2391 subito
1820 2341 2154 2425 poterant,
2215 2326 2485 2395 navibus
2521 2327 2619 2386 vi-

625 2413 891 2495 risque,
936 2431 1081 2472 cum
1119 2410 1452 2495 equitibus
1491 2412 1886 2493 octingentis
1924 2411 2300 2492 duabusque
2339 2408 2618 2493 legioni·

626 2494 785 2565 bna,
846 2514 1005 2567 una,
1065 2514 1255 2579 quam
1304 2492 1492 2577 sequi
1535 2513 1614 2554 ex
1651 2492 1966 2566 Thess'alia
2013 2490 2309 2565 jufferat,
2377 2494 2615 2562 altera,

628 2596 817 2659 quam
849 2597 881 2635 a
910 2572 1101 2637 Fufio
1138 2575 1351 2636 levato
1386 2590 1772 2639 evocaverat
1802 2595 1880 2635 ex
1907 2570 2166 2654 Achaia,
2211 2567 2620 2657 navibusque

625 2656 843 2739 longis
880 2656 1155 2717 Rhodiis
1195 2620 1464 2731 d’ecem,
1519 2656 1828 2719 Asiaticis
1870 2654 2129 2738 paucis,
2190 2651 2310 2714 sub
2359 2666 2620 2715 noctem

528 2782 536 2794 .
627 2736 781 2799 inde
818 2738 1049 2816 solvit3
1097 2739 1342 2823 ignaris
1376 2738 1660 2821 ceteris„
1687 2757 1816 2822 quo
1850 2734 2173 2799 tenderet.
2225 2732 2342 2797 sed
2378 2732 2624 2817 guber..

628 2834 891 2881 natores
930 2819 1215 2882 interdiu
1248 2820 1556 2883 vexillum
1591 2820 1959 2905 praetoriae
1989 2816 2194 2893 navis,
2238 2830 2436 2878 noctu
2460 2815 2620 2899 pha·

628 2922 771 2962 rum
822 2902 1007 2997 seuqui
1045 2900 1334 2983 jufferat.
1418 2902 1532 2964 Sic
1581 2902 1779 2968 tertio
1827 2900 1969 2988 post
2015 2898 2123 2960 die
2159 2897 2620 2973 Alexandriam

629 2997 957 3067 pervenit.

272 3086 601 3161 Alexandr?-
752 3089 956 3151 XXV.
1025 3088 1161 3152 Sed
1204 3083 1272 3150 in
1312 3087 1417 3151 his
1469 3084 1842 3171 legionibus
1891 3085 2018 3148 tria
2065 3085 2267 3148 millia
2315 3084 2618 3162 ducenti,

248 3175 339 3213 ’Β
364 3158 532 3213 ω”ἷῦ
629 3170 797 3231 haud
838 3172 1151 3254 amplius,
1208 3171 1453 3233 milites
1493 3183 1698 3232 erant.
1758 3168 2052 3251 reliquos
2091 3168 2358 3229 vulnera
2403 3168 2622 3230 labor-

684 3272 765 3314 ue
800 3250 1207 3333 festinantem
1238 3254 1701 3336 imperatorem
1739 3248 2056 3329 consequi
2075 3262 2438 3311 vetuerant.
2487 3250 2624 3313 Sed

582 3366 591 3375 ·
634 3274 909 3408 gaes-ar,
972 3334 1169 3395 animi
1222 3332 1666 3417 magnitudine
1721 3346 1788 3393 et
1835 3330 2001 3391 fama
2047 3350 2266 3391 rerum
2305 3330 2624 3415 gestarum

630 3416 893 3487 fretu5‚·
916 3436 1171 3478 omnem
1200 3416 1329 3479 sibi
1358 3417 1595 3489 locum,
1679 3410 2101 3475 uantumlibet
2127 3410 2406 3473 infirmis
2432 3435 2627 3495 prae..

507 3565 515 3573 5
634 3498 869 3567 sidiis,
928 3510 1131 3559 tutum
1172 3498 1321 3559 fore
1360 3436 1774 3560 existimaffiat.
1859 3496 2138 3562 Tamen,
2204 3491 2350 3576 quia
2387 3495 2626 3555 tumul..

632 3592 893 3641 tuantes
938 3578 1205 3639 recenti*
1242 3594 1454 3641 morte
1489 3576 1787 3661 Pompeii
1833 3571 2311 3638 Alexandrinos
2353 3596 2426 3637 re
2477 3597 2626 3638 ere-

632 3675 771 3733 rat,
818 3660 1066 3722 veritus
1106 3656 1291 3721 litori
1334 3680 1405 3721 se
1444 3658 1758 3729 credere,
1807 3655 2125 3717 anchoras
2159 3654 2352 3735 jecit:
2462 3678 2626 3721 onec

632 3742 715 3803 ad
756 3763 900 3803 eum
938 3739 1319 3803 Theodotus
1362 3740 1581 3814 venit,
1627 3752 1821 3825 caput
1863 3750 1932 3799 et
1969 3736 2272 3803 annulum
2297 3740 2621 3823 Pompeji,

705 3932 851 4002 Cap.
874 3930 1083 3985 xxm.
1118 3930 1337 3985 Lucan.
1358 3931 1549 3998 29⁶²·
1589 3930 1756 3987 Caes.
1801 3927 2054 4000 Appian.
2092 3929 2232 3984 Dio.
2263 3927 2416 3985 Plut.
2451 3927 2622 3987 Caes.

636 4000 877 4068 Strabo,
909 4000 950 4055 l.
980 4004 1059 4066 ¹4·
1092 4018 1153 4071 p.
1181 4004 1305 4069 649.
1342 3998 1500 4053 Plut.
1539 4001 1706 4055 Caes.
1747 3998 1990 4064 Strabo,
2011 4000 2052 4053 l.
2079 4006 2158 4064 τί..
2193 3999 2397 4069 p.656.
2471 3999 2620 4071 Cap.
2691 4049 2697 4055 .

592 4053 607 4077 Ι
633 4072 843 4129 xxlv.
887 4070 1057 4123 Caes.
1096 4070 1347 4157 Appian.
1386 4070 1555 4125 Caes.
1587 4067 1841 4141 Appian.
1916 4070 2266 4143 eap.xxv.
2307 4065 2477 4124 Caes.
2509 4066 2626 4123 Lu·

634 4156 767 4197 cau.
806 4138 944 4197 Dio.
978 4136 1111 4205 Liv.
1137 4137 1297 4212 epit.
1336 4138 1490 4195 Plut.
1525 4140 1739 4212 Pomp.
