2892 4684
463 873 1073 1002 JOHANNIS
1146 921 1927 1006 rummsnnmn

318 1114 1045 1208 surrmnmronuu
1081 1103 1562 1173 mvnflonum
1597 1111 1818 1170 LIBER
1853 1111 2108 1171 Lxxxr.

526 1281 615 1343 IN
657 1279 961 1346 LOCUM
1002 1281 1237 1341 LIBRI
1279 1279 1506 1345 cxvl.
1554 1281 1630 1344 Τ.
1659 1278 1884 1346 len.

334 1513 383 1575 1.
427 1510 931 1594 Hispaniensem
958 1513 1257 1577 Caesaris
1286 1507 1703 1594 triumphum,
1733 1527 1887 1581 non,
1919 1509 2014 1570 uti
2040 1526 2195 1570 con·
2253 1519 2326 1576 U.
2361 1535 2418 1576 c.
2448 1535 2575 1588 ¹7⁰⁷·

210 1607 554 1665 sueverat,
616 1593 849 1654 laetum
890 1597 1171 1678 populo,
1228 1591 1802 1676 sed-peracerbum
1845 1590 2032 1654 fuiffe
2067 1605 2195 1652 tra·
2253 1593 2324 1644 Α·
2361 1591 2545 1653 0045»

208 1673 410 1734 dunt:
470 1675 625 1756 quia
674 1675 795 1736 sub
840 1677 1279 1759 Hispanorum
1324 1674 1886 1815 praescriptione,
1942 1695 2075 1734 non
2115 1673 2198 1734 de
2227 1661 2578 1782 cT'h‘fl'fl‘u'
2639 1681 2644 1688 ’

208 1775 375 1837 rege
404 1756 625 1838 aliquo
656 1770 766 1818 aut
796 1757 883 1817 im
932 1771 1191 1820 eratore
1218 1757 1334 1818 bar
1382 1777 1530 1826 aro,
1579 1753 1698 1814 sed
1730 1769 1956 1837 aperte
1988 1755 2070 1816 de
2107 1759 2199 1815 ci·
2269 1743 2483 1781 ‘⁶¹⁸⁶'
2502 1745 2568 1780 α

210 1837 316 1898 vis
358 1838 725 1919 ampliss'imi
764 1859 869 1900 mo
918 1858 997 1911 o,
1045 1858 1197 1900 mox
1230 1835 1624 1906 miserrimi,
1679 1837 1976 1918 oppress'a
2007 1838 2202 1914 domo

212 1916 595 1980 ducebatur.
680 1925 901 2004 ltaque
938 1939 1059 1982 uec
1100 1931 1442 2004 apparatus
1465 1959 1483 1990 ,
1528 1921 1702 1995 (erat
1735 1931 1946 1979 autem
1985 1937 2066 1982 ex
2100 1940 2204 1979 ar-

211 2013 417 2082 gento
446 2001 658 2076 rasili)
692 2021 815 2063 uec
845 2003 1127 2086 epulum,
1172 1999 1349 2085 quod
1382 1999 1628 2083 populo
1663 1997 1868 2071 dedit,
1913 2000 2052 2083 pari
2085 2020 2204 2062 vo-

211 2082 465 2163 luptate
494 2082 863 2167 laetitiaque
892 2083 1217 2146 celebrata
1240 2094 1416 2143 suut:
1461 2101 1838 2164 quamquam
1861 2079 1990 2144 duo
2012 2101 2204 2165 prae-

214 2161 455 2222 buiss'et
476 2163 759 2246 prandia,
792 2166 940 2249 quia
967 2166 1153 2261 prius
1186 2161 1447 2248 parcius
1476 2175 1668 2244 atque
1699 2165 1982 2236 tenuius,
2014 2183 2204 2246 quam

212 2263 343 2328 pro
385 2265 493 2304 sua
528 2245 939 2318 liberalitate,
982 2245 1359 2308 instructum
1386 2241 1781 2316 crediderat.
1841 2249 2004 2304 Tum
2039 2267 2202 2328 quo-

214 2345 343 2408 que
372 2324 761 2390 frumentum
795 2329 1038 2412 populo
1073 2325 1431 2398 distribuit,
1475 2346 1558 2388 ne
1594 2324 1752 2409 quid
1785 2325 2202 2410 magnificen-

212 2409 343 2468 tiae
382 2407 646 2478 deell'et,
708 2411 923 2472 Porro
954 2407 1091 2493 post
1122 2407 1516 2490 triumphum
1545 2408 1908 2468 consularia
1940 2407 2202 2469 comitia

212 2486 475 2560 habuit,
522 2488 910 2574 suffecitque
942 2491 1071 2552 s'ibi
1107 2490 1175 2551 in
1204 2504 1339 2552 tres
1373 2488 1748 2550 noviffimos
1783 2502 2042 2551 menses
2071 2497 2210 2568 (tot'

214 2570 389 2630 enim
419 2578 843 2666 supererant)
878 2571 964 2666 Q.
987 2572 1259 2635 Fabium
1287 2571 1369 2656 Q.
1404 2573 1474 2632 F.
1572 2620 1584 2634 .
1616 2577 1693 2634 N.
1721 2573 2090 2644 Maximum,
2125 2573 2198 2634 C.

216 2652 619 2713 Trebonium
670 2656 741 2716 C.
779 2657 857 2716 F.
906 2669 1077 2717 tanta
1130 2639 1392 2749 quidem
1435 2652 1504 2714 iu
1555 2653 1883 2716 imatione
1927 2653 2200 2736 populi,

213 2747 509 2795 veterem
549 2755 796 2797 morem
837 2737 1073 2798 iterum
1114 2735 1351 2800 violari
1399 2757 1532 2798 nou
1603 2736 1886 2807 erentis,
1947 2749 2054 2805 ut,
2114 2733 2198 2816 Q.

214 2815 421 2876 Fabio
472 2813 791 2878 theatrum
838 2816 1245 2890 introeunte,
1306 2839 1502 2900 quum
1543 2817 1740 2879 lictor
1777 2815 2202 2907 animadverti

218 2915 521 3060 exsulum
554 2897 853 2978 instillet,
896 2899 1191 2962 universi
1228 2899 1750 2974 reclamaverint,
1791 2921 1900 2960 non
1943 2893 2043 2979 effe
2082 2905 2204 2958 'eum

215 2998 313 3038 con
338 3000 375 3038 u
400 2999 501 3044 em.

2228 1797 2524 1866 Hispanu-

368 3111 448 3172 11.
506 3109 933 3195 Triumphum
990 3111 1183 3176 etiam
1234 3113 1456 3178 eidem
1497 3112 1742 3186 Fabio,
1821 3110 1938 3174 sed
1993 3123 2062 3173 et
2112 3107 2198 3188 Q.
2266 3119 2554 3194 Triumphe

216 3191 466 3265 Pedio,
542 3194 771 3275 legatis
839 3195 1010 3266 suis,
1088 3197 1569 3260 decernendum
1631 3195 1880 3256 curavit
1945 3213 2024 3254 ex
2075 3187 2196 3250 Hi-
2224 3191 2535 3276 lqgaurunt

216 3275 477 3370 spania,
556 3277 741 3358 quasi
800 3293 1025 3358 parum
1076 3277 1331 3353 sufflet,
1411 3275 2020 3361 semel·traductam
2070 3275 2198 3334 effe
2224 3279 2365 3328 ‘5⁸⁸⁶

216 3355 507 3416 civilium
561 3377 885 3418 armorum
934 3359 1390 3422 calamitatem:
1463 3371 1840 3444 quamquam
1890 3356 2053 3417 nihil
2100 3354 2202 3418 illi

217 3437 353 3498 suis
404 3459 518 3498 aus
568 3439 717 3499 iciis
766 3440 1105 3522 gess'erant.
1192 3443 1431 3503 Fabius
1469 3440 1782 3502 Maximus
1830 3454 1976 3500 ante
2026 3437 2204 3500 diem

214 3518 481 3579 tertium
522 3459 679 3582 Ydus
715 3520 1041 3586 Octobres
1082 3523 1149 3583 in
1194 3525 1533 3586 consulatu
1583 3543 1699 3582 suo
1743 3519 2202 3603 triumphavit}

216 3613 364 3662 ante
394 3599 569 3662 diem
599 3599 747 3663 ldus
772 3605 1169 3668 Decembres
1190 3607 1458 3668 Pedius.
1519 3606 1604 3664 Hi
1636 3601 1967 3686 triumphi,
2008 3619 2206 3684 quum

214 3681 483 3750 minime
527 3683 788 3746 favente
832 3687 1075 3768 populo
1113 3687 1545 3761 ducerentur,
1605 3687 1798 3747 etiam
1835 3683 1919 3745 ob
1951 3683 2204 3743 medio-

214 3764 511 3843 critatem
544 3787 815 3849 pompae
852 3767 1056 3828 derisi
1083 3784 1250 3831 suut.
1335 3769 1550 3852 Quum
1591 3769 1763 3830 enim
1798 3768 2022 3853 paucis
2054 3777 2204 3826 ante

218 3841 449 3907 diebus
472 3847 709 3909 Caesar
731 3849 969 3932 oppida
1002 3841 1242 3914 eborea
1279 3856 1386 3914 a'ut
1418 3847 2200 3936 argentea-transtuliss'et,

228 4005 255 4098 ,ο
286 4031 433 4106 Cap.
466 4029 511 4088 1.
558 4036 714 4092 Plut.
753 4038 922 4092 Caes.
962 4035 1119 4094 Veu.
1148 4057 1200 4106 a,
1228 4041 1319 4098 56.
1366 4040 1506 4107 Dio,
1541 4034 1582 4096 l.
1605 4041 1696 4108 43.
1739 4031 1983 4096 Sueten.
2021 4029 2200 4093 Caes.

220 4101 381 4184 ⁶·3⁸.·.
414 4103 551 4185 Dio..
586 4100 735 4185 Εειᾳί
753 4105 949 4180 Qapit.
982 4106 1232 4167 Sueton.
1267 4112 1436 4170 Gaes-
1461 4111 1552 4180 76.
1581 4108 1750 4168 et8o.
1785 4109 1932 4184 Cap.
1951 4107 2031 4164 11.
2059 4107 2200 4170 Die·

218 4161 363 4228 ram
395 4173 593 4248 capnt.
629 4173 771 4236 Dio.
1603 4235 1608 4248 .
2191 4216 2200 4240 ·
