2892 4684
532 211 541 224 ’
586 293 604 370 ‘.
642 247 765 324 254
832 247 1237 314 Fnssmsn.
1257 245 2100 315 SUPPLEMENTORUM
2121 245 2272 308 Lm.
2289 245 2580 309 Lxxx1.

301 451 375 508 U·
407 470 458 506 ¹²·
478 453 603 521 708·
765 461 988 524 xclu.
1036 452 1568 540 significantibus
1590 455 1834 532 multis,
1881 459 2096 520 Bonum
2111 459 2350 542 factum,
2393 461 2633 544 inquit,

305 521 622 646 ss‘g;}ff;5
645 543 788 625 quod
830 549 979 608 inter
1019 541 1155 600 alios
1196 542 1337 598 cives
1372 537 1460 600 bic
1499 559 1707 621 quoque
1747 560 2004 600 numerus
2039 561 2425 602 veteranorum
2455 548 2632 614 venit,

276 659 618 730 ,fluvium
642 626 718 685 ad
756 645 851 685 vos
890 627 1067 706 igitur
1106 624 1404 682 orationem
1442 640 1731 694 converto,
1789 642 1986 704 vosque
2005 665 2022 697 ,
2081 621 2238 700 ficati
2277 645 2400 684 cum
2437 629 2636 685 ceteri,-

644 705 849 770 civibus
886 708 1064 764 omnia
1104 701 1255 763 vobis
1290 703 1509 782 patriae
1547 707 1846 768 communia
1887 703 2138 784 beneficia
2161 705 2326 788 sunt,
2367 709 2450 766 ita
2480 727 2634 766 amo-

643 809 761 852 rem
800 808 905 870 quo
942 807 1006 846 ue
1042 804 1097 844 et
1127 783 1403 864 adfectum
1440 787 1836 845 communicetis
1849 826 1868 858 ‚
1925 786 2139 848 hortor.
2227 789 2334 848 Vos
2367 788 2435 847 ab
2469 793 2637 860 initio

646 890 757 934 non
790 808 989 951 Caefltr
1029 865 1229 947 delegit
1244 906 1263 939 ‚
1306 881 1402 923 nec
1439 869 1584 924 enim
1623 870 1832 946 potuit‚·
1851 865 1966 1008 ἐξά
2000 867 2302 950 respublica
2341 889 2437 930 vos
2477 871 2640 934 dedit

656 948 879 1032 Caesari
895 993 912 1023 ,
978 947 1291 1030 quibuscum
1339 946 1532 1026 popula·
1571 947 1803 1006 Romani
1903 948 2017 1027 stes
2072 963 2364 1027 coerceret..
2445 951 2639 1029 Justis

649 1033 769 1096 illis
808 1053 863 1092 et
905 1029 1163 1113 legitimis
1202 1025 1358 1086 bellis
1394 1027 1664 1106 meruistis
1701 1049 1848 1090 certe
1877 1037 2116 1112 praemia
2135 1075 2152 1107 ,
2199 1052 2253 1091 et
2287 1036 2505 1116 iniquus
2537 1035 2630 1111 (it,

650 1119 748 1198 qui
776 1115 1005 1174 adimat.
1078 1107 1299 1170 Deinde
1332 1127 1526 1168 contra
1562 1109 1898 1171 voluntatem
1931 1113 2160 1192 vestram
2177 1158 2195 1190 ,
2228 1111 2330 1195 Je'd
2367 1114 2520 1196 quasi
2531 1115 2634 1197 fii.

649 1212 925 1258 cremento
959 1195 1257 1262 devinctos,
1300 1190 1562 1273 adversus
1591 1196 1829 1272 patriam
1861 1215 1917 1256 et
1947 1195 2253 1277 defensores
2279 1201 2496 1278 patriae
2522 1200 2635 1259 du-

649 1282 763 1338 xit.
820 1276 1013 1358 quibus
1046 1294 1115 1334 ex
1148 1270 1304 1334 bellis
1320 1318 1341 1348 ,
1396 1269 1452 1364 st·
1479 1273 1602 1333 haec
1636 1271 1788 1334 vobis
1810 1276 1934 1358 fhla
1969 1277 2172 1338 bellata
2205 1277 2370 1356 essent
2388 1323 2404 1353 ,
2449 1297 2636 1361 petere

643 1363 891 1442 praemia
932 1377 1029 1416 vos
1070 1360 1233 1415 etiam
1269 1353 1409 1436 ipsos
1429 1396 1447 1427 ‚
1511 1357 1704 1436 opinor
1723 1397 1740 1428 ,
1795 1359 2066 1440 puderet:
2128 1351 2232 1443 fed⁸
2265 1359 2468 1422 Gallici
2497 1361 2639 1443 sunt

523 1492 532 1501 .
649 1462 707 1501 et
741 1441 1061 1502 Britannici
1096 1436 1311 1497 labores
1327 1477 1345 1509 ,
1402 1457 1634 1516 quorum
1671 1437 1822 1500 vobis
1859 1439 2075 1502 laudem
2109 1461 2272 1524 atque
2310 1447 2508 1504 merita
2538 1467 2637 1505 ne-
2693 1459 2702 1470 ·

618 1521 752 1606 ‘que
789 1539 996 1602 tempus
1030 1519 1237 1592 ullum,
1296 1537 1391 1578 nec
1431 1518 1648 1578 invidia
1685 1519 1986 1606 abrogabit.
2645 1519 2652 1521 ’

338 1671 597 1730 ,Praemia
774 1652 1005 1737 XCIV.
1050 1651 1160 1714 Sed
1191 1673 1363 1736 neque
1398 1677 1498 1716 vos
1526 1643 1904 1738 aversabimini
1930 1673 2038 1736 pro
2068 1656 2152 1716 bis
2219 1661 2423 1718 raemia
2437 1701 2454 1732 ,
2497 1679 2640 1740 qna-

272 1746 562 1819 pollicetur
653 1737 733 1804 lia
776 1735 1010 1815 maJores
1060 1734 1231 1813 nostri
1277 1738 1562 1799 concedere
1603 1737 2012 1818 consueverunt.
2111 1673 2250 1798 Illbs
2289 1743 2430 1798 enim
2477 1745 2640 1801 novi-

272 1815 351 1868 aa!
380 1826 586 1896 '¹⁸⁰7'ss
652 1839 771 1887 mus
810 1818 1081 1897 sociorum
1131 1835 1229 1877 aut
1280 1819 1518 1880 aliorum
1565 1822 1924 1880 innocentium
1963 1816 2294 1901 poffiffiones
2335 1841 2446 1880 non
2484 1823 2642 1882 adti-

270 1896 563 1950 *⁸'1⁶'“’⁸·
646 1899 780 1984 gille
796 1923 815 1962 .·
880 1919 947 1958 ne
999 1897 1231 1975 hostibus
1282 1901 1502 1982 quidem
1548 1902 1824 1982 superatis
1879 1921 2054 1962 totum
2107 1901 2358 1980 eripuiffe
2408 1923 2598 1984 agrum
2617 1925 2642 1973 3

636 1984 742 2068 Jed
761 2026 778 2056 ,
820 1997 981 2061 parte
1018 1980 1305 2062 adempta,
1349 1983 1632 2064 deduxisse
1667 1981 1874 2042 colonos
1893 2025 1912 2058 ,
1955 2003 2018 2044 ut
2053 1987 2113 2044 in
2144 1982 2316 2064 officio
2345 1989 2478 2044 victi
2508 2005 2638 2046 con-

649 2069 986 2128 tinerentur.
1070 2062 1244 2146 Quod
1265 2061 1329 2146 si
1344 2064 1510 2148 fhrte
1545 2062 1821 2148 angustior
1838 2107 1856 2138 ,
1899 2085 2058 2146 quam
2097 2082 2202 2145 pro
2237 2085 2462 2124 numero
2493 2067 2638 2126 colo-

648 2166 881 2217 norum,
946 2165 1078 2228 ager
1131 2166 1253 2208 erat
1272 2187 1291 2221 ,
1352 2146 1707 2207 dividebatur
1759 2145 2006 2226 publicus
2026 2189 2043 2220 ,
2105 2165 2204 2205 aut
2251 2166 2284 2203 a
2334 2146 2642 2209 volentibus

492 2255 499 2262 ·
619 2227 930 2293 -emebatur
987 2233 1231 2309 pecunia.
1334 2229 1459 2288 Hac
1507 2229 1726 2310 quidem
1769 2231 1983 2288 ratione
1999 2219 2023 2301 ¹,
2089 2247 2252 2311 quum
2293 2233 2380 2288 vis
2422 2232 2646 2310 imperii

561 2313 567 2318 ’
646 2328 810 2392 penes
848 2309 1103 2390 populum
1138 2309 1267 2392 effet
1282 2353 1301 2385 ,
1341 2309 1464 2394 fine
1497 2310 1718 2392 querela
1751 2310 2068 2392 cujusquam
2103 2314 2162 2372 in
2197 2311 2429 2372 colonias
2460 2310 2639 2371 dedu-

1306 2429 1315 2438 .
1705 2407 1718 2434 Ι

652 2389 929 2452 cebamim.

289 2539 433 2595 Nam
450 2539 628 2592 Gaesa-
776 2523 975 2591 XCV.
1024 2525 1225 2607 Nuper
1256 2523 1470 2584 demum
1498 2522 1570 2582 L.
1600 2522 1776 2597 sulla,
1821 2541 1877 2581 et
1902 2520 2078 2602 postea
2108 2522 2333 2603 Caesar,
2375 2528 2635 2604 patriam,

274 2611 494 2663 rias-um
510 2620 626 2661 ma-
655 2626 925 2687 tamquam
956 2607 1195 2684 hostilem
1226 2605 1415 2666 urbem
1444 2607 1618 2663 armis
1645 2622 1876 2684 coptam,
1919 2607 2090 2664 armis
2118 2609 2358 2666 retinere
2384 2605 2642 2686 neceffiam

271 2680 392 2734 ι’*
411 2693 544 2732 ’·’”·
650 2689 977 2754 habuerunt.
1040 2689 1234 2768 Itaque
1248 2729 1265 2761 ‚
1298 2685 1610 2770 satellitum
1641 2707 1696 2744 et
1729 2686 2002 2765 custodum
2037 2707 2270 2770 egentes,
2313 2708 2479 2768 neque
2511 2692 2586 2746 mi
2612 2723 2651 2741 -

643 2769 851 2854 stoiiem
890 2769 1039 2832 vobis
1075 2772 1213 2831 dare
1244 2767 1570 2839 voluerunt,
1615 2787 1781 2848 neque
1809 2766 2082 2848 publicum
2102 2768 2300 2848 saltem
2327 2791 2360 2828 a
2397 2789 2518 2828 rum
2589 2774 2644 2828 i..

659 2853 883 2928 videre;
906 2861 928 2868 “
969 2852 1038 2911 ed
1078 2871 1249 2932 neque
1288 2851 1532 2931 pretium
1579 2849 1980 2930 qualiscumque
2006 2849 2199 2932 solatii
2235 2790 2412 2931 cauffo
2453 2872 2645 2911 nume..

658 2953 797 2996 rare
825 2953 892 3016 po
938 2931 1195 3012 efforibus
1210 2974 1229 3007 ,
1274 2949 1594 3013 quamquam
1629 2929 1977 2993 abundabant
2003 2936 2228 3013 pecunia
2257 2952 2326 2991 ex
2357 2932 2642 3014 vectigali-

656 3009 759 3078 bus
801 3017 1029 3096 publicis
1080 3037 1137 3075 et
1178 3014 1247 3075 ha
1293 3033 1363 3075 a:
1418 3032 1610 3074 verum
1647 3011 1872 3074 Italiam
1919 3018 2092 3076 omnis
2136 3031 2409 3094 expertem
2457 3013 2648 3074 delicti

650 3100 991 3182 praedonum
1028 3117 1175 3159 imre
1236 3096 1520 3176 poliarunt
1621 3117 1684 3156 ro
1702 3134 1720 3167 ‚
1758 3093 1907 3174 focis
1926 3135 1943 3168 ‚
1985 3099 2101 3156 aris
2119 3135 2138 3170 ‚
2183 3097 2463 3176 sepulcris,
2509 3115 2646 3178 quae

656 3201 753 3241 nec
786 3185 1031 3241 externis
1068 3179 1361 3240 ademimus
1379 3178 1538 3258 justo
1605 3177 1710 3238 ello
1733 3173 1975 3257 subactis
1991 3217 2012 3251 ‚
2055 3178 2274 3239 decimis
2310 3197 2643 3238 tantummo-

657 3265 731 3326 do
748 3263 988 3347 frugum
1016 3267 1275 3324 contenti.
1360 3263 1449 3324 Sic
1493 3264 1671 3346 igitur
1714 3257 2015 3335 vellrorum
2059 3264 2254 3320 civium
2304 3260 2442 3320 bona
2489 3259 2646 3320 vobis

658 3350 837 3432 divisa
862 3348 1036 3431 sitm:
1082 3366 1267 3408 eorum
1285 3386 1304 3421 ,
1349 3349 1603 3426 inquam,
1649 3343 1745 3424 qui
1777 3340 2028 3424 Caesaris
2061 3339 2224 3422 ipfius
2251 3341 2500 3425 auspicio,
2541 3363 2646 3402 vo·

656 3433 742 3496 bis
779 3428 1231 3493 commilitonibus
1252 3469 1270 3503 ,
1316 3427 1455 3489 bello
1493 3424 1708 3487 Gallico
1744 3423 1993 3488 tulerant
2023 3442 2207 3495 arma;
2251 3429 2346 3504 qui
2379 3447 2477 3485 vos
2511 3442 2645 3505 pro-

646 3513 947 3596 ficiscentes
996 3516 1056 3575 in
1106 3513 1502 3592 expeditionem
1548 3507 1936 3579 deduxerant,·
1997 3509 2092 3587 qui
2127 3523 2233 3588 pro
2275 3507 2647 3568 incolumitate

394 3673 422 3719 Ι
656 3597 840 3677 vestra
880 3615 1043 3677 atque
1082 3597 1314 3657 victoria
1355 3613 1484 3654 vota
1509 3592 1790 3675 fecerant.

330 3739 433 3810 Qui
453 3756 538 3810 sos
554 3741 627 3796 n-
778 3729 1011 3795 XCVI.
1054 3729 1137 3790 Et
1176 3721 1400 3788 deddcti
1440 3727 1658 3806 quidem
1695 3724 1832 3822 estis.
1843 3721 1950 3806 sub
1970 3719 2146 3808 figitis
2161 3763 2180 3798 ,
2231 3719 2508 3802 densisque
2545 3738 2645 3780 or-

273 3811 458 3882 ugare
488 3811 913 3884 st⁰·'din1'b¹¹s2
966 3829 1031 3870 ut
1072 3809 1365 3891 adpareret
1382 3849 1401 3882 ,
1461 3829 1570 3869 non
1612 3809 1685 3868 ad
1727 3826 1962 3887 quietem
2001 3828 2098 3869 vos
2117 3851 2133 3880 ‚
2178 3804 2282 3888 fid
2329 3811 2390 3866 in
2438 3812 2600 3867 aciem
2621 3839 2642 3875 ,
2755 3843 2762 3851 -

276 3881 460 3964 αἶ”ήῖ
472 3879 628 3934 “³¹'‘
654 3897 877 3964 venire3
921 3909 1144 3973 paratos
1175 3889 1255 3950 ad·
1282 3889 1626 3972 inferendam
1657 3889 1943 3970 injuriam,
1987 3911 2155 3973 neque
2187 3889 2254 3948 ab
2283 3889 2518 3949 aliorum
2551 3887 2645 3944 in·

273 3953 435 4004 ”bu
454 3961 504 4004 '¹
524 3967 628 4004 Μ’
648 3973 807 4059 fi'diis
845 3993 1015 4035 tutos.
1088 3992 1259 4054 neque
1294 3975 1435 4038 enim
1459 3967 1593 4050 fieri
1628 3969 1800 4052 potest
1816 4009 1835 4044 9
1892 3991 1995 4048 Ψ,
2037 3971 2230 4053 quibus*
2271 3976 2392 4054 ‘'gr''
2415 3972 2509 4053 fid
2535 3983 2642 4052 Per

276 4029 361 4074 η’
654 4063 770 4119 vim
812 4053 985 4116 ablati
1013 4053 1183 4136 sunt,
1230 4075 1317 4117 eos
1354 4054 1602 4128 diutius,
1645 4071 1804 4136 quam
1842 4051 2097 4198 nec5ffu'm
2127 4049 2208 4132 fit
2227 4095 2244 4128 ‚
2289 4072 2446 4135 penes
2483 4055 2642 4134 inju-

644 4137 763 4220 stos
811 4133 1120 4221 poffiffires
1178 4135 1279 4222 effe
1330 4140 1644 4218 patiantur.
1737 4135 1894 4200 Unde
1963 4137 2150 4220 iquido
2201 4135 2470 4220 adparet,
2536 4145 2644 4218 quo
