2892 4684
674 22 685 89 ι
722 120 735 126 -

660 251 784 335 3⁴70
840 248 1251 321 maman.
1276 248 2299 365 surrLEMENronuuvnm.
2327 202 2656 323 cxxxv.

322 460 399 522 U.
425 464 487 519 ὀ.
518 460 643 533 '7⁰9'-
716 463 885 544 ejum
930 463 1015 527 de
1050 482 1211 548 pace
1248 462 1454 537 mitti,
1517 461 1883 527 deducente
1926 465 2141 540 Italia,
2186 486 2388 549 quum·
2408 468 2655 529 Puteo-

324 532 398 589 Α·
434 534 503 591 0·
530 534 621 604 43·
667 486 770 609 fos
804 548 1113 621 venisset,
1175 546 1357 630 quasi
1389 545 1656 629 publico
1693 566 1963 610 munere
1997 547 2385 631 fungeretur
2407 590 2426 621 ,
2483 570 2655 611 sum-

620 650 770 691 *ma
817 630 1169 691 securitate
1206 630 1536 709 correptis
1617 627 1856 689 ublicis
1894 630 2058 691 trire
2129 630 2312 703 'bus,
2378 630 2446 689 in
2483 631 2654 692 Sici..

666 710 820 771 liam
859 703 1217 795 profectu&
1324 752 1341 769 .
1428 712 1576 792 Apu
1605 707 1746 789 ejus
1781 724 1847 771 et
1881 712 2054 773 Arru
2131 713 2271 783 ius,
2319 713 2654 775 centurio-

662 812 787 853 nes
834 791 1131 865 mentiti,
1201 791 1345 859 'um
1398 790 1613 856 servis
1667 790 2041 853 militariter
2083 792 2410 854 a'dornatis
2459 812 2658 857 cursu

665 894 740 935 se
782 874 1154 936 extulerunt
1188 874 1413 957 porta,
1475 884 1602 933 tam
1649 894 1794 933 uam
1851 873 2016 935 alios
2071 890 2655 957 prosequerentur.

665 953 905 1017 deinde
942 954 1223 1027 coactis,
1286 954 1454 1015 sicut
1489 952 1571 1017 de
1667 954 1824 1017 irtio
1857 954 2176 1026 diximus,
2224 976 2388 1039 quos
2470 970 2660 1019 otue-

662 1050 849 1111 rant,
892 1036 1087 1100 armis
1129 1036 1337 1119 signis
1388 1054 1467 1095 ue
1507 1034 1585 1097 ad
1625 1036 1916 1119 speciem
1955 1037 2284 1099 exercitus
2325 1039 2392 1099 in
2419 1040 2656 1113 tructi,

714 1118 925 1183 artitis
980 1119 1191 1202 copiis
1238 1116 1320 1177 ad
1392 1130 1604 1181 retum
1649 1114 2182 1193 contenderunt„
2235 1120 2368 1181 Sed
2413 1118 2660 1183 adcidit

700 1214 866 1272 orte,
916 1214 1007 1273 ut,
1051 1199 1285 1263 eodem
1322 1197 1391 1259 in
1428 1200 1600 1263 colle
1632 1199 1954 1285 quondam
1988 1213 2474 1284 pernoctantes,
2506 1200 2660 1265 dum

664 1282 888 1345 miffos
924 1280 1239 1345 adversus
1280 1301 1350 1341 se
1380 1282 1584 1341 Roma
1621 1281 1862 1344 milites
1898 1281 2206 1355 credunt,
2253 1298 2476 1345 mutuo
2513 1302 2662 1345 cum

666 1377 846 1427 metu
884 1385 955 1428 se
993 1360 1490 1427 contuerentur:
1554 1382 1704 1425 mox
1743 1364 1954 1447 prima
1991 1364 2138 1427 luce
2179 1363 2426 1427 infestis
2463 1367 2662 1428 armis

670 1459 1163 1508 concurrerent.
1238 1444 1448 1506 donec
1483 1444 1722 1527 agniti,
1783 1445 2173 1531 laboresque
2213 1468 2364 1508 suos
2406 1462 2472 1510 et
2505 1468 2660 1531 per-

670 1528 979 1592 vicaciam
1016 1528 1342 1589 Fortunae
1382 1524 1708 1598 miserati,
1753 1524 2036 1590 diversis
2071 1528 2342 1591 navibus
2383 1530 2547 1591 alter
2580 1528 2664 1592 ad

668 1610 1055 1695 Pompeium
1077 1652 1095 1684 ,
1142 1610 1306 1671 alter
1342 1606 1421 1669 ad
1454 1610 1729 1669 Brutum
1767 1624 2135 1673 evaserunt.

346 1731 633 1789 Ventidius
792 1718 1021 1783 XCVI.
1066 1716 1219 1777 Pari
1252 1716 1656 1781 vaframento
1689 1731 1984 1781 servatus
2019 1715 2110 1780 est
2132 1718 2502 1792 Ventidius,
2542 1719 2664 1783 sed

294 1804 507 1873 ingenio
549 1802 623 1854 11'-
671 1796 899 1864 liberti
934 1800 1039 1860 sui
1072 1799 1340 1881 ingenio
1370 1814 1439 1863 et
1471 1798 1636 1873 fide,
1683 1800 2202 1883 qui0patronum,
2247 1802 2438 1863 simul
2467 1814 2666 1886 atque

294 1873 651 1938 “ns-”7⁹⁶⁸
674 1882 1117 2026 {rescriptum
1156 1899 1235 1942 co
1284 1882 1500 1954 novit,
1559 1881 2247 1957 continuo.vinxerat,
2309 1884 2491 1979 quasi
2530 1896 2664 1945 tra-

292 1953 420 1998 ”m
724 1963 959 2026 endum
1006 1981 1209 2049 percu
1260 1962 1530 2025 'oribuse
1593 1964 1711 2025 sed
1747 1978 1982 2036 noctu,
2040 1984 2377 2047 persuasus
2416 1966 2658 2040 servis,

670 2066 817 2111 cum
850 2058 1089 2107 armata
1118 2044 1361 2106 familia
1392 2058 1714 2129 tamquam
1743 2046 2188 2108 centurionem
2214 2046 2402 2107 mil-es
2425 2066 2664 2130 sequu-

670 2143 777 2191 tus
826 2125 937 2189 est.
1000 2140 1578 2210 perveneruntque
1627 2127 1918 2189 feliciter
1965 2127 2034 2187 in
2081 2128 2410 2201 Siciliam,
2515 2150 2668 2191 uum

676 2230 895 2293 saepe·
924 2207 995 2269 in
1047 2206 1278 2271 eodem
1321 2207 1694 2271 diversorio
1735 2228 1882 2270 cum
1916 2206 2094 2271 veris
2129 2210 2498 2271 centurioni
2551 2232 2666 2273 us.

675 2291 1059 2360 Ventidium
1106 2290 1608 2373 quaerentibus,
1653 2290 2149 2375 pernoctass'ent.

190 2423 197 2434 ·
314 2412 658 2481 MVotufim,
806 2399 1059 2463 xcvu.
1118 2400 1207 2458 M.
1246 2395 1559 2460 Volusius
1609 2396 1842 2459 aedilis
1889 2398 2104 2481 plebis
2148 2411 2414 2494 recepta
2459 2417 2670 2481 nuper

292 2482 653 2565 Rebae'tufmp-
682 2478 1137 2563 superstitione
1172 2477 1365 2540 Isidis
1402 2478 1484 2539 ad
1523 2478 1795 2540 salutem
1837 2480 2070 2541 abusus
2109 2476 2217 2541 est.
2285 2480 2458 2541 hnea
2496 2481 2671 2541 enim

290 2550 655 2633 PfffflleWffl'
682 2562 835 2625 stola
883 2580 1031 2624 cum
1074 2580 1355 2643 persona
1396 2560 1732 2643 canicipiti
1773 2563 1850 2625 ab
1891 2562 2097 2624 amico
2129 2564 2334 2625 Isiaco
2382 2575 2670 2644 sumpta,

288 2618 490 2677 ''¹⁰³¹'‘
729 2665 806 2708 er
859 2644 1095 2706 itinera
1149 2641 1421 2725 viasque
1471 2642 1763 2725 publicas
1817 2643 2046 2729 stipem
2147 2660 2366 2711 ctens,
2440 2643 2670 2705 evasit.

678 2668 987 2789 Rebilum
1042 2722 1306 2785 audacia
1364 2725 1692 2799 servavit,
1755 2740 1822 2788 et
1861 2724 2093 2789 Themi
2149 2726 2312 2788 oclis
2368 2725 2673 2788 imitatio.

679 2808 1070 2873 Nauclerum
1124 2806 1334 2878 enim,
1400 2806 1513 2890 qui
1568 2809 1908 2891 pecuniam
1969 2808 2048 2869 ab
2103 2828 2185 2871 eo
2237 2807 2536 2892 petebat,
2603 2806 2676 2867 ni

679 2888 878 2989 prodi
908 2887 1147 2961 mallet,
1194 2888 1429 2951 eodem
1459 2905 1824 2953 commento
1854 2890 2114 2965 terruit,
2160 2910 2234 2952 se
2274 2890 2677 2951 denuncians

682 2970 1115 3034 indicaturum
1132 3011 1152 3042 ,
1200 2969 1377 3054 quod
1404 2970 1674 3055 adcepta
1705 2974 1980 3055 pecunia
2006 2972 2446 3056 proscriptum
2473 2970 2677 3031 vehe-

684 3066 811 3116 ret.
898 3052 1011 3115 Sic
1045 3074 1081 3113 a
1114 3052 1351 3113 territo
1385 3068 1737 3138 pervectus
1777 3056 1856 3117 ad
1884 3053 2266 3136 Pompeium
2301 3052 2390 3115 est
2419 3050 2678 3115 incolu-

684 3135 835 3197 mis.
934 3135 1255 3219 Appius„
1286 3156 1447 3219 opes
1495 3156 1642 3197 suas
1684 3136 1942 3201 famulis
1983 3134 2323 3209 dividens,
2383 3154 2528 3197 cum
2566 3131 2678 3195 his

686 3215 761 3279 in
796 3214 1083 3278 Siciliam
1124 3215 1486 3300 navigabat.
1587 3218 1686 3279 lbi
1732 3214 2103 3304 tempestate
2151 3232 2416 3290 exorta,
2477 3234 2680 3300 pecu-

686 3299 838 3361 niae
902 3298 1259 3371 inhiantes,
1346 3298 1660 3379 juss'erunt
1735 3322 1882 3364 eum
1965 3299 2033 3361 in
2103 3300 2402 3397 scapham
2477 3299 2680 3361 tutio·

686 3402 831 3443 rem
879 3380 1309 3443 descendere.
1382 3394 1452 3441 et
1505 3381 1666 3443 savit
1713 3384 1775 3445 ei
1821 3383 2119 3453 fortuna,
2179 3382 2681 3463 simulatumque

690 3462 997 3524 auxilium
1033 3484 1251 3525 veram
1293 3464 1357 3525 ei
1395 3463 1902 3527 incolumitatem
1938 3460 2288 3549 praestitit,
2333 3464 2400 3525 in
2444 3460 2684 3547 scapha

691 3556 1170 3627 transportato,
1228 3567 1425 3631 quum
1469 3546 1722 3607 interea
1757 3566 1986 3611 navem
2027 3542 2263 3607 fluctu·
2298 3544 2686 3609 absorbuis-

696 3639 867 3688 sent.
2163 3655 2170 3663 ·

356 3730 557 3814 Inep-sa
574 3744 673 3793 ur·
818 3723 1105 3821 xpvm.
1162 3725 1250 3785 Et
1296 3725 1419 3787 hos
1465 3725 1730 3809 quidem
1782 3725 2067 3824 servavit
2107 3724 2282 3810 fuga.
2365 3726 2680 3824 Nonnulli

316 3800 672 3943 {amm
696 3828 837 3975 {3522
866 3806 2533 3975 ¹325:ss‘23:333ss¹3¹.22.‡;¹0‘.:22:¹1·‚.2¹.¹.55¹{23.‘‡;¹s.2
2559 3808 2686 3975 ,531

768 4076 917 4149 Cap.
946 4076 1126 4159 2105st
1164 4074 1421 4159 Appian.
1488 4078 1635 4149 Cap.
1669 4076 1904 4133 xcvn.
1945 4078 2078 4133 Vel.
2110 4080 2264 4135 Max.
2294 4098 2350 4145 7,
2381 4080 2434 4139 3.
2471 4090 2524 4135 et
2557 4076 2690 4156 Ap.

696 4145 863 4221 plan.
894 4148 1035 4205 Dio.
1076 4146 1333 4223 Appnn.
1364 4156 1425 4203 et
1451 4146 1586 4205 Val.
1613 4146 1772 4205 Max.
1810 4146 2072 4221 Thucyd.
2100 4147 2142 4206 1·
2173 4150 2512 4223 astypa-
