2892 4684
685 262 771 329 so
848 255 1250 333 ramman-
1290 225 2138 320 SUPPLEHENTORUM
2163 253 2317 316 Lm.
2332 253 2635 322 cxxvi.

352 473 419 530 0.
444 489 497 528 c.
522 471 652 542 704.
689 472 839 544 lem,
886 468 1001 553 qui
1026 457 1385 559 'aliquando
1403 462 1628 548 flagris
1659 481 1888 526 caesus
1926 463 2320 561 abIsauriep
2353 479 2540 548 patre
2571 465 2679 530 di-

346 545 423 604 Α·
456 542 526 600 C·
558 541 650 610 43·
689 553 977 615 cebatur.
1038 549 1143 626 Ad
1176 563 1536 612 extremum
1569 560 1782 608 tamen
1821 556 2149 629 superior*
2169 560 2236 608 et
2270 568 2416 626 jure
2451 563 2518 610 et
2552 569 2682 633 po-

380 1207 630 1292 Mite-em

307 1288 567 1338 concent-

374 3347 667 3404 leudam

282 3436 287 3453 ¹
308 3419 580 3493 profugit.

686 634 887 698 tentia
922 632 1153 694 consul
1172 632 1381 694 Coelii
1412 643 1633 713 partes
1661 627 1772 689 alii
1803 628 2059 688 cuidam
2090 630 2383 710 praetori
2413 629 2683 693 deman-

686 715 901 778 davit:
963 715 1177 798 ipsum
1224 725 1289 776 et
1328 713 1478 774 foro
1519 723 1586 775 et
1621 709 1801 771 curia
1835 708 2151 782 exclusit,
2211 711 2680 797 volentemque

684 794 1061 862 concionari
1100 793 1181 854 de
1213 791 1435 856 rostris
1472 791 1769 852 detraxit.
1855 792 2143 864 Coelius,
2188 789 2546 874 ignominia
2583 797 2684 856 si-

682 878 820 940 mul
854 874 1079 960 iraque
1159 889 1483 946 ermotus‚
1527 870 1608 934 ad
1645 871 2078 956 Pompeianos
2117 875 2422 954 scripsit,
2466 875 2533 936 in
2563 897 2685 940 ur.

682 959 833 1022 bem
885 978 1000 1020 eos
1046 976 1078 1015 a
1132 977 1406 1027 vocans,
1474 953 1772 1014 nudatam
1819 952 2172 1037 praesidiis
2219 953 2536 1032 futuram,
2605 970 2682 1022 et

684 1035 889 1104 studio
944 1057 1028 1123 po
1079 1039 1170 1100 uli
1220 1037 1601 1122 proniorem
1649 1035 1717 1096 in
1763 1035 1904 1097 illas
2003 1050 2214 1108 artes,
2279 1055 2682 1124 vacuamque,

687 1121 931 1184 Italiam
967 1141 1004 1180 o
1031 1133 1319 1181 tentans:
1380 1117 1558 1202 qu‘od
1593 1116 1787 1178 etiam
1825 1117 1961 1178 salu
2011 1117 2320 1179 errimum
2358 1119 2490 1182 illis
2568 1143 2680 1182 ar-

686 1203 862 1266 tibus
896 1201 1129 1262 suerat.
1213 1200 1397 1262 Misit
1426 1197 1619 1260 etiam
1647 1197 1727 1258 ad
1749 1201 1828 1259 T.
1851 1199 2132 1258 Annium
2161 1198 2470 1262 Milonem
2496 1221 2532 1263 c
2559 1224 2675 1264 an.
2751 1265 2758 1271 ,

690 1281 967 1346 destinos
1010 1282 1328 1354 nuncios,
1390 1302 1583 1364 quem
1623 1279 2125 1341 inimiciffimum
2166 1283 2428 1343 Caesari
2471 1303 2677 1347 nove-

686 1379 825 1437 rat,
887 1377 1236 1448 propterea
1283 1363 1494 1446 quod,
1551 1359 1862 1424 restitutis
1911 1361 2281 1438 exsulibus,
2340 1365 2517 1427 solus
2557 1367 2674 1430 ille

687 1446 971 1512 reditum
1010 1466 1141 1506 non
1181 1447 1665 1530 impetraverat.

808 1569 979 1630 XXI.
1024 1572 1409 1652 Magnorum
1440 1565 1603 1629 haec
1637 1566 1772 1630 esse
1807 1579 2096 1630 motuum
2129 1567 2312 1631 initia
2347 1582 2672 1650 poterant,
2724 1608 2732 1616 κ

684 1650 849 1714 viris
901 1650 1099 1712 claris
1150 1663 1215 1711 et
1260 1647 1612 1710 audacibus
1664 1649 1816 1712 talia
1858 1649 2310 1721 molientibus,
2357 1663 2678 1734 occupato

684 1732 843 1794 alibi
880 1733 1158 1794 Caesare
1180 1772 1199 1803 ‚
1242 1745 1309 1794 et
1344 1730 1784 1792 incertiss'imis
1823 1733 2014 1816 plane
2050 1731 2476 1814 temporibus.
2549 1733 2678 1794 Ce-

684 1827 896 1875 terum
939 1835 1019 1875 ex
1053 1826 1231 1875 tanto
1268 1825 1445 1872 metu
1477 1812 1789 1874 celeriter
1827 1827 1893 1874 et
1923 1813 2085 1874 citra
2113 1812 2569 1874 detrimentum
2601 1812 2676 1874 hi

684 1911 955 1958 conatus
988 1896 1055 1956 in
1090 1893 1365 1968 nihilum
1404 1907 1775 1956 evaserunt.
1859 1893 2122 2038 (guippe
2143 1894 2473 1965 Milonem,
2517 1915 2674 1956 con-

685 1991 892 2040 tracto
926 1976 1351 2058 fugitivorum
1388 1975 1704 2047 exercitu,
1751 1996 1872 2058 pro
1907 1989 2118 2036 ectum
2151 1974 2218 2034 in
2243 1975 2672 2060 Campaniam,

676 2051 756 2120 ‘et
788 2059 971 2140 quasi
1000 2056 1295 2119 mandato
1317 2055 1618 2140 Pompeii
1642 2054 1942 2119 homines
1973 2057 2452 2132 sollicitantem,
2479 2049 2677 2142 quot-

688 2153 849 2224 quot
899 2140 983 2202 ob
1034 2159 1143 2200 aes
1195 2138 1474 2222 alienum
1527 2149 1637 2200 aut
1682 2137 1975 2200 facinora
2013 2137 2323 2200 credebat
2358 2140 2674 2214 idoneos,

671 2221 877 2316 ‘pi-mci
923 2233 1072 2283 sunt
1117 2221 1408 2316 sequuti:
1473 2221 1818 2302 Capuaque
1855 2218 2087 2280 frustra
2122 2233 2399 2296 tentata3
2445 2221 2676 2281 confu-

688 2301 996 2386 giendum
1047 2301 1113 2362 ei
1146 2299 1361 2363 Tifata
1400 2299 1549 2363 fuit.
1632 2305 1904 2383 Ignarus
1953 2295 2220 2374 horum,
2283 2316 2350 2363 et
2397 2301 2674 2369 meliora

690 2403 962 2467 sperans
988 2382 1273 2456 Coelius,
1310 2381 1706 2465 conjungere
1739 2404 1810 2444 se
1839 2402 1980 2444 cum
2006 2383 2120 2444 illo
2145 2382 2464 2466 cupiebat.
2514 2381 2674 2458 Sed,

689 2467 843 2548 quia
894 2465 1143 2526 occulta
1189 2463 1350 2547 'fuga
1394 2485 1517 2526 nec
1563 2465 1719 2525 satis
1757 2479 1892 2527 tuta
1931 2464 2304 2539 videbatur,
2367 2479 2434 2527 et
2467 2465 2676 2544 majus

689 2545 773 2608 ad
807 2547 1021 2607 omnia
1052 2561 1444 2607 momentum
1478 2559 1639 2620 erat,
1685 2547 1744 2608 si
1779 2549 1962 2630 quasi
1993 2560 2257 2623 praetor
2285 2544 2680 2631 proficisce-

687 2641 895 2702 retur,
939 2641 1360 2690 commeatum
1396 2650 1433 2688 a
1463 2627 1732 2691 consule
1768 2629 1994 2710 petiit,
2038 2641 2357 2710 tamquam
2389 2649 2678 2712 purgan-

692 2707 762 2770 di
791 2710 889 2770 sui
921 2709 1124 2770 cauffa
1145 2711 1489 2771 Caesarem
1514 2707 1826 2771 aditurus.
1889 2709 2152 2781 Consul,
2196 2709 2488 2789 simulari
2513 2711 2678 2772 haec

694 2811 804 2853 sus
855 2791 1095 2864 icatus,
1150 2791 1482 2853 tribunum
1525 2785 1740 2875 plebis
1787 2787 2098 2860 ad'unxit,
2164 2790 2276 2874 qui
2318 2812 2427 2852 res
2471 2811 2676 2854 novas

694 2815 1071 2940 mo'fientem
1136 2876 1498 2935 coerceret.
1581 2873 1671 2932 At
1722 2813 2028 2944 Coeiius,
2092 2869 2264 2933 haud
2305 2871 2676 2955 longedum

690 2954 1064 3096 profectus,
1110 2953 1330 3016 audito
1360 2954 1628 3016 Milonis
1658 2953 2107 3023 incommodo,
2153 2953 2219 3014 in
2249 2952 2488 3015 itinere
2521 2953 2678 3016 sub-

651 3086 657 3094 .
744 3035 883 3097 itit:
927 3034 1137 3109 unde,
1184 3054 1262 3113 co
1312 3037 1451 3098 nito
1491 3034 1630 3115 ejus
1669 3034 1970 3107 consilio,
2015 3035 2315 3095 tribunus
2345 3035 2677 3098 hominem

688 3115 759 3176 in
791 3117 1017 3179 urbem
1046 3116 1289 3179 reduce
1338 3131 1420 3179 at.
1484 3115 1615 3179 Sed
1648 3117 1898 3176 interea
1927 3130 2186 3176 senatus
2207 3115 2520 3178 Milonem
2550 3115 2674 3178 ho.

687 3194 841 3259 stem
869 3197 1299 3278 judicaverat,
1344 3198 1572 3261 Coelio
1609 3217 1869 3261 manere
1904 3196 1984 3258 ad
2012 3198 2242 3259 urbem
2277 3196 2464 3278 jussb.

813 3331 1013 3392 XXII.
1056 3329 1131 3392 Id
1162 3349 1357 3425 quum
1393 3330 1551 3391 ess'et
1585 3327 1860 3401 sactum,
1905 3328 2095 3412 isque
2129 3351 2208 3392 se
2229 3327 2674 3424 negligentius

692 3409 997 3474 custodiri
1043 3412 1375 3484 sen'siss'et,
1434 3411 1503 3471 in
1537 3411 1944 3491 Campaniam
1989 3411 2320 3493 profugit,
2379 3431 2558 3472 vires
2603 3423 2674 3472 et

692 3493 963 3558 consilia
992 3513 1137 3555 cum
1162 3493 1407 3554 Milone
1436 3492 1800 3568 iuncturus.
1869 3495 2026 3552 Nam
2063 3511 2144 3551 ex
2175 3491 2424 3574 magnis
2457 3491 2526 3552 in
2561 3511 2674 3552 ae·

688 3575 940 3636 dilitate
976 3575 1143 3638 datis
1174 3573 1564 3636 muneribus¹
1584 3573 1864 3668 aliquem
1889 3573 2213 3653 reliquum
2233 3571 2512 3634 habebat
2533 3574 2672 3655 gla-

596 3711 613 3722 ,
689 3655 1013 3730 diatorurn
1060 3674 1415 3718 numerum.
1501 3657 1643 3716 Hos
1680 3665 1883 3734 igitur
1918 3654 2259 3749 Neapolim
2301 3655 2460 3714 clam
2499 3654 2672 3733 juffit

686 3737 984 3820 ingredi,
1030 3735 1471 3820 proditionem
1513 3734 1740 3819 oppidi
1783 3753 2074 3817 sperans.
2141 3756 2162 3795 1
2213 3755 2286 3796 se
2317 3734 2670 3798 Casilinum

676 3820 902 3891 yenit,
949 3834 1015 3883 et
1041 3819 1160 3882 sub
1193 3816 1366 3878 idem
1395 3829 1650 3901 tempus
1683 3816 1869 3900 signa
1899 3817 2040 3898 ejus
2077 3758 2382 3880 miiitaria
2411 3818 2670 3900 Capuae

2399 3917 2576 3960 com-

756 4072 901 4147 Cap.
932 4074 1055 4128 XX.
1107 4071 1246 4154 Djo.
1290 4071 1456 4126 Caes.
1511 4071 1636 4127 Cic.
1677 4071 1834 4154 Vell.
1867 4091 1932 4140 s,
1965 4073 2057 4128 52.
2095 4073 2262 4129 Caes.
2299 4069 2440 4126 Dio.
2511 4070 2663 4149 Cap.

688 4131 840 4198 xxl.
876 4139 1047 4198 Caes.
1080 4145 1221 4200 Dio.
1262 4141 1437 4198 Oros.
1472 4143 1531 4213 6,
1569 4145 1652 4203 15.
1698 4143 1836 4200 Dio.
1881 4141 2057 4218 ·Gap.
2089 4141 2272 4198 xxn.
2305 4141 2475 4204 Caes.

2429 4273 2446 4304 ἱ
