2892 4684
694 275 816 342 256
882 275 1286 338 FREINSH.
1308 271 2142 338 SUPPLEMENTORUM
2167 273 2319 336 Lm.
2337 273 2628 337 Lxxxl.

332 497 425 554 su,
460 517 513 554 c.
540 497 667 568 708,
693 481 999 564 parvulus
1032 480 1299 542 Antonii
1340 477 1516 542 filius
1557 486 1704 542 cu'm
1739 485 1828 544 M.
1861 482 2100 567 Lepidi
2141 484 2392 546 liberis.
2475 488 2678 572 Lepi-

351 569 427 624 A.
459 571 526 624 C.
557 573 647 644 44.
694 565 777 626 do
828 563 1060 624 ulcisci
1107 565 1447 624 Caesarem
1501 567 1749 626 animus
1797 565 2032 646 fuerat.
2105 566 2221 627 sed
2264 565 2598 630 'destitutus
2641 593 2682 630 a

689 645 1041 720 militibus,
1120 646 1319 706 otium
1375 658 1441 706 et
1497 643 1912 706 concordiam
1969 648 2450 730 spectantibus,
2515 651 2683 712 nihil

662 727 997 802 audebat:
1057 741 1121 788 et
1166 726 1475 788 suadebat
1511 728 1864 798 Antonius,
1913 728 2372 812 praesentibus
2407 729 2680 816 adquie-

694 821 945 879 sceret,
1006 810 1149 892 ipse
1190 809 1454 868 minime
1495 807 1770 891 cupidus
1810 811 2030 891 pacis3
2096 812 2215 872 sed
2264 831 2348 874 ne
2385 813 2677 899 Lepidus

692 904 1006 967 armatus,
1054 911 1124 951 se
1164 887 1466 964 infirmo,
1511 911 1678 952 unus
1718 890 1932 954 omnia
1970 893 2198 976 poll'et.

332 1054 665 1109 omnum,
816 1023 887 1084 C.
945 1021 1515 1086 Descendentibus
1573 1043 1612 1086 e
1664 1023 1988 1105 Capitolio
2049 1023 2422 1108 adplausum
2480 1039 2676 1108 atque

316 1127 367 1180 ci
416 1123 585 1176 mm,-
600 1124 664 1175 ab
692 1102 1107 1166 adclamatum
1144 1101 1270 1167 est:
1328 1120 1431 1179 et,
1479 1105 1856 1168 consulibus
1893 1107 2121 1170 nescio
2165 1105 2322 1189 quid
2358 1107 2677 1191 incipien-

314 1141 548 1248 Λευκὴ
578 1201 631 1246 n
690 1183 863 1248 tibus
908 1184 1133 1248 dicere
1154 1229 1173 1259 ,
1230 1185 1644 1271 postulatum,
1697 1191 1783 1246 uti
1821 1195 1978 1269 prius
2019 1189 2244 1247 dextras
2292 1188 2491 1248 darent
2527 1193 2676 1248 invi-

313 1261 537 1331 L‘Pu‘·
690 1285 799 1329 cem
840 1287 1001 1346 atque
1043 1269 1545 1330 reconcaeltarentur.
1615 1268 1773 1330 lnde
1809 1283 2018 1332 metus
2055 1269 2310 1332 incess'it
2345 1272 2670 1344 consules,

689 1367 773 1411 ne
815 1347 1032 1431 paullo
1068 1347 1205 1432 post
1240 1351 1682 1432 perculsorum
1712 1350 1914 1413 factio
1942 1351 2221 1433 majores
2239 1359 2264 1422 ,⁴
2303 1373 2492 1434 quam
2521 1353 2674 1435 ipsi,

689 1432 872 1494 vires
931 1430 1281 1493 obtineret.
1382 1433 1754 1494 Salutarunt
1810 1447 2022 1496 tamen
2077 1451 2302 1495 omnes
2353 1435 2677 1505 invicem,

695 1512 1016 1596 complexi
1068 1533 1151 1574 ue
1190 1526 1341 1575 sunt
1376 1514 1685 1576 comiter:
1749 1528 1816 1577 et
1851 1514 1932 1576 ab
1971 1515 2261 1578 Antonio
2305 1517 2585 1588 Cass'ius,
2641 1537 2678 1576 a

692 1594 950 1677 Lepido
992 1615 1025 1654 a
1076 1593 1204 1658 line
1240 1597 1486 1658 Brutus
1523 1596 1603 1657 ad
1635 1617 1902 1658 coenam
1939 1597 2216 1660 invitati.
2281 1611 2540 1660 ceteros
2581 1611 2682 1658 et-

691 1680 817 1740 iam
840 1717 858 1748 ,
920 1689 993 1737 ut
1030 1677 1269 1760 cuique
1306 1675 1710 1741 familiaritas
1747 1691 1856 1740 aut
1889 1676 2289 1741 necess'itudo
2330 1682 2504 1749 erat,
2565 1678 2681 1740 alii

690 1771 1030 1822 senatores
1084 1773 1506 1842 exceperunt.
1555 1763 1562 1772 '
1609 1762 1705 1824 lbi
1761 1762 2075 1833 camum,
2141 1759 2320 1822 inter
2371 1762 2682 1822 conviva-

688 1841 853 1901 lium
894 1857 1268 1902 sermonum
1318 1842 1796 1926 simplicitatem
1848 1844 2318 1925 interrogatum
2357 1842 2438 1903 ab
2469 1844 2680 1903 Anto-

686 1923 824 1995 nio,
870 1943 1011 2010 naq
1038 1924 1213 1982 adhuc
1252 1928 1536 2005 pugionem
1573 1925 1792 1985 haberet
1819 1923 1926 2006 fieb
1963 1924 2092 1983 ala?
2134 1923 2540 2007 respondill‘e
2572 1922 2678 1984 fe-

684 2019 877 2077 runt,
924 2005 1004 2065 Et
1042 2001 1399 2081 acuuffimum
1437 2005 1688 2084 quidem,
1719 2003 1868 2086 siet
1911 2026 1974 2066 tu
2013 2005 2258 2086 adfictas
2301 2007 2670 2080 tyrannidem·

686 2085 1048 2159 Postridie,
1123 2085 1312 2146 simul
1364 2098 1557 2169 atque
1609 2088 1858 2161 illuxit,
1927 2101 2184 2149 senatus
2239 2085 2327 2148 est
2378 2085 2677 2160 babitus,

606 2207 613 2218 -
687 2184 1203 2266 praesentesque
1226 2171 1470 2229 Brutus
1503 2183 1570 2230 et
1589 2170 1828 2232 Cassius
1860 2170 2199 2253 ceterique
2229 2167 2466 2230 laudati
2501 2181 2675 2240 sunt,

688 2252 905 2336 iisque
946 2249 1323 2334 provinciae
1366 2248 1708 2324 decretae,
1767 2273 1924 2336 quas
1968 2252 2066 2312 eis
2097 2252 2334 2312 Cacsar
2373 2271 2452 2312 ex
2487 2269 2680 2332 prae-

688 2346 833 2393 tura
878 2331 1339 2404 destinaverat,
1400 2334 1780 2395 Macedonia
1835 2347 1901 2396 et
1951 2335 2158 2414 Syria.
2237 2331 2354 2394 sed
2409 2345 2473 2394 et
2519 2331 2680 2392 Asia

686 2415 1061 2487 Trebonio,
1120 2412 1425 2494 Bithynia
1463 2415 1729 2477 Cimbro
1771 2413 2056 2478 decreta.
2155 2415 2428 2476 Galliam
2473 2413 2682 2476 Cisal·

688 2499 907 2583 pinam
939 2500 1020 2559 D.
1053 2499 1413 2586 Brutus-ex
1455 2495 1875 2559 destinatione
1911 2497 2209 2558 Caesaris
2245 2495 2540 2558 retinuit.

352 2634 650 2708 Sepultura
814 2625 916 2686 CI.
978 2621 1309 2683 Hactenus
1360 2620 1572 2683 omnia
1625 2621 1780 2684 satis
1821 2623 2180 2706 composita
2216 2635 2408 2705 atque
2446 2639 2684 2682 serena

318 2706 557 2760 Caesaris
576 2720 668 2754 κο·
693 2701 1153 2789 adparuerunt.
1227 2702 1345 2764 sed
1380 2703 1728 2775 celeriter,
1775 2703 1948 2765 unde
1995 2725 2124 2765 non
2159 2703 2680 2786 exspectabatur,

318 2792 442 2829 θ’*
464 2787 649 2854 “mf':
693 2803 863 2848 mota
912 2801 1039 2849 tem
1093 2783 1249 2847 estas
1304 2785 1494 2846 novis
1550 2784 1920 2846 turbinibus
1971 2799 2164 2868 atque
2213 2784 2530 2868 procellis
2575 2783 2684 2843 in-

305 2845 501 2912 stat‘*
530 2855 666 2894 ‘³⁶¹‘
691 2868 973 2932 horruit.
1124 2889 1160 2929 e
1218 2865 1592 2928 testamento
1648 2868 1938 2950 itemque
1994 2867 2327 2951 sepultura
2381 2862 2682 2927 Caesaris

316 2923 425 2966 ⁸⁰⁸⁰
693 2951 1021 3034 agebatur.
1108 2950 1349 3011 Caffius
1382 2951 1646 3032 utrique
1676 2949 2076 3032 repugnabat
2107 2943 2682 3016 vehementiffime,

692 3046 909 3107 ratus,
972 3032 1148 3118 quod
1184 3050 1295 3093 res
1332 3043 1507 3103 erat,
1565 3033 1806 3114 periss'e
1841 3033 2146 3101 cauffam,
2203 3028 2528 3112 siquidem
2561 3029 2680 3088 ille

688 3111 926 3176 funere
983 3115 1187 3176 elatus
1234 3113 1431 3189 effet3
1495 3127 1562 3174 et
1610 3116 1686 3173 L.
1721 3113 1986 3173 Pisonis
2037 3125 2229 3195 atque
2272 3113 2346 3170 L.
2381 3110 2683 3172 Caesaris

692 3200 1077 3276 sententiam
1124 3195 1458 3272 laudabat3
1520 3195 1634 3278 qui
1671 3214 1919 3276 nuper,
1987 3213 2183 3277 quum
2223 3191 2448 3253 eadem
2485 3189 2566 3252 de
2602 3209 2702 3258 re.

690 3283 1157 3364 quaereretur,
1264 3297 1600 3359 uamquam
1653 3277 1820 3336 alter
1869 3295 2062 3338 socer
2114 3273 2447 3345 defuncti,
2513 3273 2682 3333 alter

691 3362 957 3444 gentilis
994 3364 1191 3436 ess'et,
1219 3299 1438 3421 ¹innuis
1485 3357 1636 3420 fieri‘
1675 3357 2054 3420 vetuiss'ent:
2115 3357 2173 3418 si
2211 3371 2420 3417 tamen
2465 3373 2538 3416 ea
2567 3353 2683 3414 Pi·

692 3445 873 3504 sonis
915 3441 1233 3506 sententia
1272 3443 1417 3504 fuit.
1507 3443 1810 3502 Ceterum
1849 3443 2130 3512 Brutus,
2193 3437 2460 3522 ingenio
2501 3435 2682 3497 mitis

692 3541 761 3590 et
794 3524 1199 3600 moderatus,
1251 3539 1596 3607 utrumque
1636 3521 1959 3608 permisit.

342 3641 659 3716 Ejuseefia-
752 3633 771 3644 ⁸
814 3635 942 3698 ClI.
1004 3629 1475 3694 Testamentum
1525 3629 1728 3712 igitur
1765 3627 2078 3701 adlatum,
2114 3620 2315 3708 quod
2357 3621 2678 3709 proximis
2731 3647 2742 3658 ·

308 3727 567 3773 mmm·
687 3709 911 3780 Idibus
947 3713 1443 3800 Septembribus
1474 3713 1542 3772 in
1574 3709 1900 3772 Labicano
1936 3729 2054 3770 suo
2086 3707 2374 3782 fecerat,
2397 3707 2678 3850 diaevnelfu.

757 3994 904 4063 Gap.
927 3985 1129 4046 xclx.
1170 3979 1295 4040 Cic.
1328 3978 1480 4039 Phil.
1507 3997 1558 4050 t,
1582 3979 1663 4038 13.
1701 3982 1758 4032 et
1786 3999 1838 4047 a,
1859 3973 1947 4036 36.
1985 3971 2142 4032 Vell.
2167 3991 2217 4042 e,
2237 3971 2325 4030 58.
2366 3970 2515 4028 Plut.
2558 3973 2676 4028 An.

686 4068 812 4118 ton.
833 4069 891 4114 et
906 4062 1115 4113 Bruto.
1145 4051 1275 4110 Dio.
1346 4055 1493 4125 Cap.
1518 4054 1584 4106 C.
1625 4045 1876 4173 Appiani.
1915 4047 2068 4102 Plut.
2102 4049 2312 4100 Bruto.
2341 4041 2478 4097 Dio.
2515 4042 2672 4098 Plut.

577 4153 585 4159 ·
690 4124 897 4185 Bruto.
956 4123 1207 4253 Aplpian.
1254 4123 1427 4179 civil.
1467 4122 1508 4174 l.
1538 4122 1592 4175 3.
1629 4119 1674 4171 P
1701 4127 1783 4172 ut.
1859 4117 2002 4187 Cap.
2028 4117 2125 4170 CI.
2167 4114 2288 4168 Cic.
2325 4109 2401 4164 ad
2426 4114 2544 4165 Att.
2585 4119 2670 4178 14,

696 4215 783 4255 ιο.
820 4207 878 4254 et
910 4203 993 4269 ¹4·
1076 4205 1291 4254 actant.
1326 4211 1376 4264 ι,
1412 4193 1498 4254 ι5.
1533 4188 1688 4246 Plut.
1761 4188 1907 4264 Cap.
1942 4186 2069 4244 CH.
2108 4183 2354 4242 Sueten.
2391 4181 2558 4238 Caes.
2579 4181 2674 4242 83.
