<?xml version="1.0" encoding="UTF-8"?>
<!DOCTYPE html PUBLIC "-//W3C//DTD XHTML 1.0 Transitional//EN"
    "http://www.w3.org/TR/xhtml1/DTD/xhtml1-transitional.dtd">
<html xmlns="http://www.w3.org/1999/xhtml" xml:lang="en" lang="en">
 <head>
  <title>
</title>
<meta http-equiv="Content-Type" content="text/html;charset=utf-8" />
  <meta name='ocr-system' content='tesseract 3.04.00' />
  <meta name='ocr-capabilities' content='ocr_page ocr_carea ocr_par ocr_line ocrx_word'/>
</head>
<body>
  <div class='ocr_page' id='page_1' title='image "./tliviipatavinih25unkngoog_0437.png"; bbox 0 0 2892 4684; ppageno 0'>
   <div class='ocr_carea' id='block_1_1' title="bbox 248 390 2382 421">
    <p class='ocr_par' dir='ltr' id='par_1_1' title="bbox 248 390 2382 421">
     <span class='ocr_line' id='line_1_1' title="bbox 248 390 2382 421; baseline 0 4263"><span class='ocrx_word' id='word_1_1' title='bbox 248 390 2382 421; x_wconf 95' lang='lat' dir='ltr'><strong><em> </em></strong></span> 
     </span>
    </p>
   </div>
   <div class='ocr_carea' id='block_1_2' title="bbox 276 915 2278 1183">
    <p class='ocr_par' dir='ltr' id='par_1_2' title="bbox 276 915 2278 1183">
     <span class='ocr_line' id='line_1_2' title="bbox 913 915 1726 993; baseline 0.001 -2"><span class='ocrx_word' id='word_1_2' title='bbox 913 920 979 991; x_wconf 87' lang='grc' dir='ltr'><strong>Ε</strong></span> <span class='ocrx_word' id='word_1_3' title='bbox 1038 918 1093 987; x_wconf 87' lang='grc' dir='ltr'>Ρ</span> <span class='ocrx_word' id='word_1_4' title='bbox 1158 918 1195 987; x_wconf 92' lang='lat'>1</span> <span class='ocrx_word' id='word_1_5' title='bbox 1256 920 1323 989; x_wconf 79' lang='grc' dir='ltr'><strong>Τ</strong></span> <span class='ocrx_word' id='word_1_6' title='bbox 1390 916 1458 993; x_wconf 91' lang='grc' dir='ltr'><strong>Ο</strong></span> <span class='ocrx_word' id='word_1_7' title='bbox 1525 915 1606 991; x_wconf 91' lang='grc' dir='ltr'><strong>Μ</strong></span> <span class='ocrx_word' id='word_1_8' title='bbox 1661 922 1726 992; x_wconf 81' lang='grc' dir='ltr'>Ε</span> 
     </span>
     <span class='ocr_line' id='line_1_3' title="bbox 276 1058 2278 1183; baseline 0.002 -37"><span class='ocrx_word' id='word_1_9' title='bbox 276 1126 281 1133; x_wconf 82' lang='lat'><strong>.</strong></span> <span class='ocrx_word' id='word_1_10' title='bbox 360 1084 659 1150; x_wconf 78' lang='lat' dir='ltr'><strong><em>mssm</em></strong></span> <span class='ocrx_word' id='word_1_11' title='bbox 714 1058 1307 1183; x_wconf 61' lang='lat' dir='ltr'><strong>CENTEslm&#39;l</strong></span> <span class='ocrx_word' id='word_1_12' title='bbox 1348 1082 1852 1149; x_wconf 66' lang='lat' dir='ltr'><strong><em>mansum</em></strong></span> <span class='ocrx_word' id='word_1_13' title='bbox 1892 1081 2278 1179; x_wconf 74' lang='lat' dir='ltr'><strong><em>QmN&#39;rt.</em></strong></span> 
     </span>
    </p>
   </div>
   <div class='ocr_carea' id='block_1_3' title="bbox 138 1306 2462 1529">
    <p class='ocr_par' dir='ltr' id='par_1_3' title="bbox 138 1306 2462 1529">
     <span class='ocr_line' id='line_1_4' title="bbox 378 1306 2411 1410; baseline 0.004 -39"><span class='ocrx_word' id='word_1_14' title='bbox 378 1306 471 1410; x_wconf 41' lang='lat'><strong><em>⁴0.</em></strong></span> <span class='ocrx_word' id='word_1_15' title='bbox 515 1306 823 1395; x_wconf 84' lang='lat' dir='ltr'><strong><em>Caesar,</em></strong></span> <span class='ocrx_word' id='word_1_16' title='bbox 874 1308 1123 1375; x_wconf 85' lang='lat' dir='ltr'><strong><em>relicto</em></strong></span> <span class='ocrx_word' id='word_1_17' title='bbox 1158 1308 1503 1392; x_wconf 78' lang='lat' dir='ltr'><strong><em>Antonio,</em></strong></span> <span class='ocrx_word' id='word_1_18' title='bbox 1553 1311 2089 1377; x_wconf 72' lang='lat' dir='ltr'><strong><em>transmarinae</em></strong></span> <span class='ocrx_word' id='word_1_19' title='bbox 2124 1314 2411 1397; x_wconf 83' lang='lat' dir='ltr'><strong><em>provin·</em></strong></span> 
     </span>
     <span class='ocr_line' id='line_1_5' title="bbox 138 1426 2462 1529; baseline 0.004 -33"><span class='ocrx_word' id='word_1_20' title='bbox 138 1456 154 1474; x_wconf 89' lang='lat'><strong>·</strong></span> <span class='ocrx_word' id='word_1_21' title='bbox 233 1433 401 1497; x_wconf 79' lang='lat' dir='ltr'><strong><em>ciac</em></strong></span> <span class='ocrx_word' id='word_1_22' title='bbox 442 1454 529 1499; x_wconf 73' lang='lat' dir='ltr'><strong><em>ex</em></strong></span> <span class='ocrx_word' id='word_1_23' title='bbox 560 1442 765 1521; x_wconf 88' lang='lat' dir='ltr'><strong><em>parte</em></strong></span> <span class='ocrx_word' id='word_1_24' title='bbox 806 1436 1191 1529; x_wconf 33' lang='lat' dir='ltr'><strong><em>imperium·</em></strong></span> <span class='ocrx_word' id='word_1_25' title='bbox 1235 1436 1295 1499; x_wconf 88' lang='lat' dir='ltr'><strong><em>ei</em></strong></span> <span class='ocrx_word' id='word_1_26' title='bbox 1336 1434 1589 1527; x_wconf 79' lang='lat' dir='ltr'><strong><em>cessit.-</em></strong></span> <span class='ocrx_word' id='word_1_27' title='bbox 1630 1452 1956 1503; x_wconf 83' lang='lat' dir='ltr'><strong><em>reversus</em></strong></span> <span class='ocrx_word' id='word_1_28' title='bbox 1997 1438 2069 1503; x_wconf 86' lang='lat' dir='ltr'><strong><em>in</em></strong></span> <span class='ocrx_word' id='word_1_29' title='bbox 2109 1434 2410 1505; x_wconf 82' lang='lat' dir='ltr'><strong><em>Italiam</em></strong></span> <span class='ocrx_word' id='word_1_30' title='bbox 2455 1426 2462 1435; x_wconf 66' lang='grc'><em>’</em></span> 
     </span>
    </p>
   </div>
   <div class='ocr_carea' id='block_1_4' title="bbox 238 1556 2516 1649">
    <p class='ocr_par' dir='ltr' id='par_1_4' title="bbox 238 1556 2516 1649">
     <span class='ocr_line' id='line_1_6' title="bbox 238 1556 2516 1649; baseline 0.002 -26"><span class='ocrx_word' id='word_1_31' title='bbox 238 1560 599 1624; x_wconf 85' lang='lat' dir='ltr'><strong><em>veteranis</em></strong></span> <span class='ocrx_word' id='word_1_32' title='bbox 637 1578 851 1649; x_wconf 84' lang='lat' dir='ltr'><strong><em>agros</em></strong></span> <span class='ocrx_word' id='word_1_33' title='bbox 890 1558 1145 1627; x_wconf 79' lang='lat' dir='ltr'><strong><em>divisit.</em></strong></span> <span class='ocrx_word' id='word_1_34' title='bbox 1223 1556 1619 1625; x_wconf 82' lang='lat' dir='ltr'><strong><em>Seditiones</em></strong></span> <span class='ocrx_word' id='word_1_35' title='bbox 1652 1561 2006 1628; x_wconf 77' lang='lat' dir='ltr'><strong><em>exercitus</em></strong></span> <span class='ocrx_word' id='word_1_36' title='bbox 2031 1564 2178 1645; x_wconf 81' lang='lat' dir='ltr'><strong><em>sui,</em></strong></span> <span class='ocrx_word' id='word_1_37' title='bbox 2221 1580 2410 1649; x_wconf 86' lang='lat' dir='ltr'><strong><em>quas</em></strong></span> <span class='ocrx_word' id='word_1_38' title='bbox 2509 1586 2516 1595; x_wconf 77' lang='grc'><em>·</em></span> 
     </span>
    </p>
   </div>
   <div class='ocr_carea' id='block_1_5' title="bbox 238 1664 2412 2020">
    <p class='ocr_par' dir='ltr' id='par_1_5' title="bbox 238 1664 2412 2020">
     <span class='ocr_line' id='line_1_7' title="bbox 238 1664 2406 1769; baseline 0.001 -20"><span class='ocrx_word' id='word_1_39' title='bbox 238 1686 563 1769; x_wconf 81' lang='lat' dir='ltr'><strong><em>corrupti</em></strong></span> <span class='ocrx_word' id='word_1_40' title='bbox 607 1708 654 1752; x_wconf 93' lang='lat' dir='ltr'><strong><em>a</em></strong></span> <span class='ocrx_word' id='word_1_41' title='bbox 687 1664 984 1769; x_wconf 57' lang='lat' dir='ltr'><strong><em>Fulvia,</em></strong></span> <span class='ocrx_word' id='word_1_42' title='bbox 1038 1688 1149 1751; x_wconf 93' lang='grc' dir='ltr'><strong><em>Μ.</em></strong></span> <span class='ocrx_word' id='word_1_43' title='bbox 1189 1685 1487 1751; x_wconf 81' lang='lat' dir='ltr'><strong><em>Antonii</em></strong></span> <span class='ocrx_word' id='word_1_44' title='bbox 1527 1702 1794 1768; x_wconf 79' lang='lat' dir='ltr'><strong><em>uxore,</em></strong></span> <span class='ocrx_word' id='word_1_45' title='bbox 1846 1686 2114 1751; x_wconf 75' lang='lat' dir='ltr'><strong><em>milites</em></strong></span> <span class='ocrx_word' id='word_1_46' title='bbox 2157 1686 2406 1753; x_wconf 85' lang='lat' dir='ltr'><strong><em>adver-</em></strong></span> 
     </span>
     <span class='ocr_line' id='line_1_8' title="bbox 238 1774 2412 1904; baseline 0.001 -31"><span class='ocrx_word' id='word_1_47' title='bbox 238 1826 378 1899; x_wconf 81' lang='lat' dir='ltr'><strong><em>sus</em></strong></span> <span class='ocrx_word' id='word_1_48' title='bbox 414 1811 921 1897; x_wconf 74' lang='lat' dir='ltr'><strong><em>imperatorem</em></strong></span> <span class='ocrx_word' id='word_1_49' title='bbox 965 1829 1185 1877; x_wconf 82' lang='lat' dir='ltr'><strong><em>suum</em></strong></span> <span class='ocrx_word' id='word_1_50' title='bbox 1232 1774 1804 1904; x_wconf 77' lang='lat' dir='ltr'><strong><em>concitaverant,</em></strong></span> <span class='ocrx_word' id='word_1_51' title='bbox 1857 1832 2026 1877; x_wconf 90' lang='lat' dir='ltr'><strong><em>cum</em></strong></span> <span class='ocrx_word' id='word_1_52' title='bbox 2055 1813 2264 1901; x_wconf 84' lang='lat' dir='ltr'><strong><em>gravi</em></strong></span> <span class='ocrx_word' id='word_1_53' title='bbox 2294 1830 2412 1897; x_wconf 90' lang='lat' dir='ltr'><strong><em>pe-</em></strong></span> 
     </span>
     <span class='ocr_line' id='line_1_9' title="bbox 240 1913 2410 2020; baseline 0 -21"><span class='ocrx_word' id='word_1_54' title='bbox 240 1933 481 2001; x_wconf 86' lang='lat' dir='ltr'><strong><em>riculo</em></strong></span> <span class='ocrx_word' id='word_1_55' title='bbox 520 1934 850 2005; x_wconf 79' lang='lat' dir='ltr'><strong><em>inhibuit.</em></strong></span> <span class='ocrx_word' id='word_1_56' title='bbox 930 1936 1014 2003; x_wconf 84' lang='lat' dir='ltr'><strong><em>L.</em></strong></span> <span class='ocrx_word' id='word_1_57' title='bbox 1042 1933 1718 2020; x_wconf 82' lang='lat' dir='ltr'><strong><em>Antonius&#39;consu1‚</em></strong></span> <span class='ocrx_word' id='word_1_58' title='bbox 1754 1913 1880 2003; x_wconf 59' lang='grc' dir='ltr'><strong><em>’Μ</em></strong></span> <span class='ocrx_word' id='word_1_59' title='bbox 1921 1928 2220 2003; x_wconf 75' lang='lat' dir='ltr'><strong><em>Antonii</em></strong></span> <span class='ocrx_word' id='word_1_60' title='bbox 2246 1934 2410 2014; x_wconf 75' lang='lat' dir='ltr'><strong><em>fra·</em></strong></span> 
     </span>
    </p>
   </div>
   <div class='ocr_carea' id='block_1_6' title="bbox 244 2124 1315 4250">
    <p class='ocr_par' dir='ltr' id='par_1_6' title="bbox 244 2124 1304 2883">
     <span class='ocr_line' id='line_1_10' title="bbox 322 2124 1295 2195; baseline -0.002 -13"><span class='ocrx_word' id='word_1_61' title='bbox 322 2127 387 2182; x_wconf 84' lang='lat' dir='ltr'><strong><em>C.</em></strong></span> <span class='ocrx_word' id='word_1_62' title='bbox 426 2126 691 2195; x_wconf 81' lang='lat' dir='ltr'><strong><em>Caesar,</em></strong></span> <span class='ocrx_word' id='word_1_63' title='bbox 743 2126 965 2184; x_wconf 79' lang='lat' dir='ltr'><strong><em>relicto</em></strong></span> <span class='ocrx_word' id='word_1_64' title='bbox 998 2124 1295 2193; x_wconf 85' lang='lat' dir='ltr'><strong><em>Antonio,</em></strong></span> 
     </span>
     <span class='ocr_line' id='line_1_11' title="bbox 244 2195 1301 2268; baseline -0.003 -16"><span class='ocrx_word' id='word_1_65' title='bbox 244 2198 722 2252; x_wconf 72' lang='lat' dir='ltr'><strong><em>transmarinae</em></strong></span> <span class='ocrx_word' id='word_1_66' title='bbox 795 2195 1151 2268; x_wconf 87' lang='lat' dir='ltr'><strong><em>provinciae</em></strong></span> <span class='ocrx_word' id='word_1_67' title='bbox 1220 2212 1301 2249; x_wconf 76' lang='lat' dir='ltr'><strong><em>ex</em></strong></span> 
     </span>
     <span class='ocr_line' id='line_1_12' title="bbox 244 2264 1298 2345; baseline -0.003 -28"><span class='ocrx_word' id='word_1_68' title='bbox 244 2270 439 2334; x_wconf 79' lang='lat' dir='ltr'><strong><em>parte</em></strong></span> <span class='ocrx_word' id='word_1_69' title='bbox 466 2266 801 2345; x_wconf 81' lang='lat' dir='ltr'><strong><em>imperium</em></strong></span> <span class='ocrx_word' id='word_1_70' title='bbox 829 2267 889 2319; x_wconf 87' lang='lat' dir='ltr'><strong><em>ei</em></strong></span> <span class='ocrx_word' id='word_1_71' title='bbox 909 2264 1112 2321; x_wconf 82' lang='lat' dir='ltr'><strong><em>cessit]</em></strong></span> <span class='ocrx_word' id='word_1_72' title='bbox 1137 2264 1298 2317; x_wconf 78' lang='lat' dir='ltr'><strong><em>Itane</em></strong></span> 
     </span>
     <span class='ocr_line' id='line_1_13' title="bbox 246 2330 1301 2401; baseline -0.002 -16"><span class='ocrx_word' id='word_1_73' title='bbox 246 2340 647 2386; x_wconf 77' lang='lat' dir='ltr'><strong><em>transmarma</em></strong></span> <span class='ocrx_word' id='word_1_74' title='bbox 702 2348 819 2385; x_wconf 80' lang='lat' dir='ltr'><strong><em>una</em></strong></span> <span class='ocrx_word' id='word_1_75' title='bbox 878 2339 1005 2385; x_wconf 75' lang='lat' dir='ltr'><strong><em>crat</em></strong></span> <span class='ocrx_word' id='word_1_76' title='bbox 1058 2330 1301 2401; x_wconf 77' lang='lat' dir='ltr'><strong><em>provin-</em></strong></span> 
     </span>
     <span class='ocr_line' id='line_1_14' title="bbox 252 2397 1298 2473; baseline -0.001 -20"><span class='ocrx_word' id='word_1_77' title='bbox 252 2400 351 2453; x_wconf 81' lang='lat' dir='ltr'><strong><em>cia</em></strong></span> <span class='ocrx_word' id='word_1_78' title='bbox 368 2434 387 2466; x_wconf 90' lang='lat'><em>‚</em></span> <span class='ocrx_word' id='word_1_79' title='bbox 428 2400 589 2469; x_wconf 72' lang='lat' dir='ltr'><strong><em>cujus</em></strong></span> <span class='ocrx_word' id='word_1_80' title='bbox 620 2410 849 2473; x_wconf 79' lang='lat' dir='ltr'><strong><em>partem</em></strong></span> <span class='ocrx_word' id='word_1_81' title='bbox 879 2397 991 2453; x_wconf 80' lang='lat' dir='ltr'><strong><em>sibi</em></strong></span> <span class='ocrx_word' id='word_1_82' title='bbox 1024 2397 1298 2465; x_wconf 79' lang='lat' dir='ltr'><strong><em>retinuit,</em></strong></span> 
     </span>
     <span class='ocr_line' id='line_1_15' title="bbox 248 2465 1297 2539; baseline 0.001 -20"><span class='ocrx_word' id='word_1_83' title='bbox 248 2478 490 2539; x_wconf 80' lang='lat' dir='ltr'><strong><em>partem</em></strong></span> <span class='ocrx_word' id='word_1_84' title='bbox 525 2469 781 2523; x_wconf 77' lang='lat' dir='ltr'><strong><em>Antonio</em></strong></span> <span class='ocrx_word' id='word_1_85' title='bbox 828 2465 1002 2521; x_wconf 78' lang='lat' dir='ltr'><strong><em>cessit</em></strong></span> <span class='ocrx_word' id='word_1_86' title='bbox 1034 2466 1297 2521; x_wconf 77' lang='lat' dir='ltr'><strong><em>Octavia·</em></strong></span> 
     </span>
     <span class='ocr_line' id='line_1_16' title="bbox 249 2534 1302 2593; baseline 0.002 -4"><span class='ocrx_word' id='word_1_87' title='bbox 249 2534 414 2589; x_wconf 71' lang='lat' dir='ltr'><strong><em>nus?</em></strong></span> <span class='ocrx_word' id='word_1_88' title='bbox 446 2536 602 2592; x_wconf 83' lang='lat' dir='ltr'><strong><em>Gud.</em></strong></span> <span class='ocrx_word' id='word_1_89' title='bbox 641 2538 870 2593; x_wconf 83' lang='lat' dir='ltr'><strong><em>Caesar</em></strong></span> <span class='ocrx_word' id='word_1_90' title='bbox 884 2534 1107 2592; x_wconf 85' lang='lat' dir='ltr'><strong><em>relicto</em></strong></span> <span class='ocrx_word' id='word_1_91' title='bbox 1127 2544 1302 2592; x_wconf 89' lang='lat' dir='ltr'><strong><em>trans</em></strong></span> 
     </span>
     <span class='ocr_line' id='line_1_17' title="bbox 252 2605 1303 2675; baseline 0 -16"><span class='ocrx_word' id='word_1_92' title='bbox 252 2620 435 2659; x_wconf 84' lang='lat' dir='ltr'><strong><em>mare</em></strong></span> <span class='ocrx_word' id='word_1_93' title='bbox 493 2607 761 2662; x_wconf 84' lang='lat' dir='ltr'><strong><em>Antonio</em></strong></span> <span class='ocrx_word' id='word_1_94' title='bbox 814 2605 1170 2675; x_wconf 88' lang='lat' dir='ltr'><strong><em>provinciae</em></strong></span> <span class='ocrx_word' id='word_1_95' title='bbox 1224 2623 1303 2659; x_wconf 74' lang='lat' dir='ltr'><strong><em>ex</em></strong></span> 
     </span>
     <span class='ocr_line' id='line_1_18' title="bbox 252 2675 1297 2747; baseline 0.002 -22"><span class='ocrx_word' id='word_1_96' title='bbox 252 2680 441 2741; x_wconf 81' lang='lat' dir='ltr'><strong><em>parte</em></strong></span> <span class='ocrx_word' id='word_1_97' title='bbox 474 2675 729 2745; x_wconf 86' lang='lat' dir='ltr'><strong><em>imperii</em></strong></span> <span class='ocrx_word' id='word_1_98' title='bbox 762 2675 1006 2747; x_wconf 73' lang='lat' dir='ltr'><strong><em>positae</em></strong></span> <span class='ocrx_word' id='word_1_99' title='bbox 1038 2690 1297 2729; x_wconf 86' lang='lat' dir='ltr'><strong><em>recesse-</em></strong></span> 
     </span>
     <span class='ocr_line' id='line_1_19' title="bbox 254 2740 1303 2797; baseline -0.001 -2"><span class='ocrx_word' id='word_1_100' title='bbox 254 2748 387 2796; x_wconf 88' lang='lat' dir='ltr'><strong><em>rat.</em></strong></span> <span class='ocrx_word' id='word_1_101' title='bbox 426 2744 572 2795; x_wconf 77' lang='lat' dir='ltr'><strong><em>Vo&#39;ff.</em></strong></span> <span class='ocrx_word' id='word_1_102' title='bbox 614 2743 843 2797; x_wconf 77' lang='lat' dir='ltr'><strong><em>Caesar</em></strong></span> <span class='ocrx_word' id='word_1_103' title='bbox 874 2740 1099 2797; x_wconf 80' lang='lat' dir='ltr'><strong><em>relicto</em></strong></span> <span class='ocrx_word' id='word_1_104' title='bbox 1130 2751 1303 2796; x_wconf 86' lang='lat' dir='ltr'><strong><em>trans</em></strong></span> 
     </span>
     <span class='ocr_line' id='line_1_20' title="bbox 256 2810 1304 2883; baseline -0.002 -20"><span class='ocrx_word' id='word_1_105' title='bbox 256 2825 439 2863; x_wconf 84' lang='lat' dir='ltr'><strong><em>mare</em></strong></span> <span class='ocrx_word' id='word_1_106' title='bbox 465 2812 734 2866; x_wconf 84' lang='lat' dir='ltr'><strong><em>Antonio</em></strong></span> <span class='ocrx_word' id='word_1_107' title='bbox 766 2829 826 2883; x_wconf 85' lang='lat' dir='ltr'><strong><em>p.</em></strong></span> <span class='ocrx_word' id='word_1_108' title='bbox 862 2826 916 2863; x_wconf 84' lang='lat' dir='ltr'><strong><em>e.</em></strong></span> <span class='ocrx_word' id='word_1_109' title='bbox 949 2826 987 2879; x_wconf 90' lang='lat' dir='ltr'><strong><em>p</em></strong></span> <span class='ocrx_word' id='word_1_110' title='bbox 1054 2810 1304 2882; x_wconf 81' lang='lat' dir='ltr'><strong><em>imperii</em></strong></span> 
     </span>
    </p>

    <p class='ocr_par' dir='ltr' id='par_1_7' title="bbox 304 2878 1300 2948">
     <span class='ocr_line' id='line_1_21' title="bbox 304 2878 1300 2948; baseline -0.007 -15"><span class='ocrx_word' id='word_1_111' title='bbox 304 2885 571 2934; x_wconf 85' lang='lat' dir='ltr'><strong><em>otestate</em></strong></span> <span class='ocrx_word' id='word_1_112' title='bbox 616 2886 976 2935; x_wconf 81' lang='lat' dir='ltr'><strong><em>recesserat.</em></strong></span> <span class='ocrx_word' id='word_1_113' title='bbox 1032 2878 1300 2948; x_wconf 81' lang='lat' dir='ltr'><strong><em>Denique</em></strong></span> 
     </span>
    </p>

    <p class='ocr_par' dir='ltr' id='par_1_8' title="bbox 254 2944 1315 4250">
     <span class='ocr_line' id='line_1_22' title="bbox 314 2944 1303 3001; baseline -0.001 -2"><span class='ocrx_word' id='word_1_114' title='bbox 314 2944 517 3000; x_wconf 71' lang='lat' dir='ltr'><strong><em>arbor.</em></strong></span> <span class='ocrx_word' id='word_1_115' title='bbox 556 2956 615 2999; x_wconf 87' lang='lat' dir='ltr'><strong><em>et</em></strong></span> <span class='ocrx_word' id='word_1_116' title='bbox 648 2945 801 3001; x_wconf 82' lang='lat' dir='ltr'><strong><em>Gud.</em></strong></span> <span class='ocrx_word' id='word_1_117' title='bbox 836 2944 1019 2999; x_wconf 75' lang='lat' dir='ltr'><strong><em>alterz</em></strong></span> <span class='ocrx_word' id='word_1_118' title='bbox 1076 2946 1303 3000; x_wconf 84' lang='lat' dir='ltr'><strong><em>Caesar</em></strong></span> 
     </span>
     <span class='ocr_line' id='line_1_23' title="bbox 254 3013 1301 3079; baseline -0.005 -8"><span class='ocrx_word' id='word_1_119' title='bbox 254 3013 485 3071; x_wconf 85' lang='lat' dir='ltr'><strong><em>relicto</em></strong></span> <span class='ocrx_word' id='word_1_120' title='bbox 550 3023 723 3071; x_wconf 86' lang='lat' dir='ltr'><strong><em>trans</em></strong></span> <span class='ocrx_word' id='word_1_121' title='bbox 776 3030 948 3071; x_wconf 87' lang='lat' dir='ltr'><strong><em>mare</em></strong></span> <span class='ocrx_word' id='word_1_122' title='bbox 1000 3014 1301 3079; x_wconf 83' lang='lat' dir='ltr'><strong><em>Antonio,</em></strong></span> 
     </span>
     <span class='ocr_line' id='line_1_24' title="bbox 258 3082 1301 3157; baseline -0.003 -20"><span class='ocrx_word' id='word_1_123' title='bbox 258 3100 426 3157; x_wconf 78' lang='lat' dir='ltr'><strong><em>qnae</em></strong></span> <span class='ocrx_word' id='word_1_124' title='bbox 464 3085 822 3155; x_wconf 79' lang='lat' dir='ltr'><strong><em>provinciae</em></strong></span> <span class='ocrx_word' id='word_1_125' title='bbox 864 3100 944 3137; x_wconf 76' lang='lat' dir='ltr'><strong><em>ex</em></strong></span> <span class='ocrx_word' id='word_1_126' title='bbox 977 3090 1157 3155; x_wconf 86' lang='lat' dir='ltr'><strong><em>parte</em></strong></span> <span class='ocrx_word' id='word_1_127' title='bbox 1193 3082 1301 3135; x_wconf 89' lang='lat' dir='ltr'><strong><em>im·</em></strong></span> 
     </span>
     <span class='ocr_line' id='line_1_25' title="bbox 256 3151 1301 3229; baseline -0.006 -24"><span class='ocrx_word' id='word_1_128' title='bbox 256 3151 425 3229; x_wconf 74' lang='lat' dir='ltr'><strong><em>perii</em></strong></span> <span class='ocrx_word' id='word_1_129' title='bbox 503 3160 814 3224; x_wconf 83' lang='lat' dir='ltr'><strong><em>potestate</em></strong></span> <span class='ocrx_word' id='word_1_130' title='bbox 897 3152 1301 3205; x_wconf 70' lang='lat' dir='ltr'><strong><em>recesserunt.</em></strong></span> 
     </span>
     <span class='ocr_line' id='line_1_26' title="bbox 263 3218 1305 3285; baseline -0.007 -8"><span class='ocrx_word' id='word_1_131' title='bbox 263 3219 508 3277; x_wconf 56' lang='grc' dir='ltr'><strong><em>θοι-ὼε.</em></strong></span> <span class='ocrx_word' id='word_1_132' title='bbox 565 3222 825 3285; x_wconf 86' lang='lat' dir='ltr'><strong><em>Caesar,</em></strong></span> <span class='ocrx_word' id='word_1_133' title='bbox 876 3218 1099 3273; x_wconf 81' lang='lat' dir='ltr'><strong><em>relicto</em></strong></span> <span class='ocrx_word' id='word_1_134' title='bbox 1131 3226 1305 3271; x_wconf 86' lang='lat' dir='ltr'><strong><em>trans</em></strong></span> 
     </span>
     <span class='ocr_line' id='line_1_27' title="bbox 260 3286 1305 3359; baseline -0.007 -14"><span class='ocrx_word' id='word_1_135' title='bbox 260 3306 441 3345; x_wconf 85' lang='lat' dir='ltr'><strong><em>mare</em></strong></span> <span class='ocrx_word' id='word_1_136' title='bbox 474 3289 775 3352; x_wconf 84' lang='lat' dir='ltr'><strong><em>Antonio,</em></strong></span> <span class='ocrx_word' id='word_1_137' title='bbox 827 3286 1013 3359; x_wconf 85' lang='lat' dir='ltr'><strong><em>(quae</em></strong></span> <span class='ocrx_word' id='word_1_138' title='bbox 1060 3287 1305 3356; x_wconf 87' lang='lat' dir='ltr'><strong><em>provin·</em></strong></span> 
     </span>
     <span class='ocr_line' id='line_1_28' title="bbox 262 3357 1305 3427; baseline -0.008 -12"><span class='ocrx_word' id='word_1_139' title='bbox 262 3360 405 3415; x_wconf 89' lang='lat' dir='ltr'><strong><em>ciae</em></strong></span> <span class='ocrx_word' id='word_1_140' title='bbox 442 3372 523 3411; x_wconf 76' lang='lat' dir='ltr'><strong><em>ex</em></strong></span> <span class='ocrx_word' id='word_1_141' title='bbox 550 3366 731 3427; x_wconf 84' lang='lat' dir='ltr'><strong><em>parte</em></strong></span> <span class='ocrx_word' id='word_1_142' title='bbox 768 3357 1019 3427; x_wconf 86' lang='lat' dir='ltr'><strong><em>imperii</em></strong></span> <span class='ocrx_word' id='word_1_143' title='bbox 1048 3358 1113 3412; x_wconf 85' lang='lat' dir='ltr'><strong><em>in</em></strong></span> <span class='ocrx_word' id='word_1_144' title='bbox 1140 3361 1305 3426; x_wconf 84' lang='lat' dir='ltr'><strong><em>pote-</em></strong></span> 
     </span>
     <span class='ocr_line' id='line_1_29' title="bbox 263 3423 1305 3499; baseline -0.007 -17"><span class='ocrx_word' id='word_1_145' title='bbox 263 3432 493 3482; x_wconf 82' lang='lat' dir='ltr'><strong><em>statem</em></strong></span> <span class='ocrx_word' id='word_1_146' title='bbox 532 3423 667 3499; x_wconf 84' lang='lat' dir='ltr'><strong><em>ejus</em></strong></span> <span class='ocrx_word' id='word_1_147' title='bbox 696 3428 1042 3489; x_wconf 81' lang='lat' dir='ltr'><strong><em>cesserant)</em></strong></span> <span class='ocrx_word' id='word_1_148' title='bbox 1086 3424 1151 3478; x_wconf 86' lang='lat' dir='ltr'><strong><em>in</em></strong></span> <span class='ocrx_word' id='word_1_149' title='bbox 1179 3423 1305 3477; x_wconf 89' lang='lat' dir='ltr'><strong><em>Ita·</em></strong></span> 
     </span>
     <span class='ocr_line' id='line_1_30' title="bbox 264 3492 1307 3550; baseline -0.009 0"><span class='ocrx_word' id='word_1_150' title='bbox 264 3494 425 3550; x_wconf 82' lang='lat' dir='ltr'><strong><em>liam</em></strong></span> <span class='ocrx_word' id='word_1_151' title='bbox 462 3508 763 3548; x_wconf 86' lang='lat' dir='ltr'><strong><em>reversus.</em></strong></span> <span class='ocrx_word' id='word_1_152' title='bbox 818 3492 1130 3547; x_wconf 76' lang='lat' dir='ltr'><strong><em>Suetonius</em></strong></span> <span class='ocrx_word' id='word_1_153' title='bbox 1167 3496 1307 3549; x_wconf 58' lang='lat' dir='ltr'><strong><em>[xu-</em></strong></span> 
     </span>
     <span class='ocr_line' id='line_1_31' title="bbox 270 3558 1309 3633; baseline -0.005 -17"><span class='ocrx_word' id='word_1_154' title='bbox 270 3560 411 3633; x_wconf 76' lang='lat' dir='ltr'><strong><em>gust.</em></strong></span> <span class='ocrx_word' id='word_1_155' title='bbox 450 3562 557 3621; x_wconf 67' lang='lat'><strong><em>13.)</em></strong></span> <span class='ocrx_word' id='word_1_156' title='bbox 593 3562 863 3619; x_wconf 83' lang='lat' dir='ltr'><strong><em>Partitis</em></strong></span> <span class='ocrx_word' id='word_1_157' title='bbox 898 3566 1039 3632; x_wconf 79' lang='lat' dir='ltr'><strong><em>post</em></strong></span> <span class='ocrx_word' id='word_1_158' title='bbox 1066 3558 1309 3615; x_wconf 84' lang='lat' dir='ltr'><strong><em>victori-</em></strong></span> 
     </span>
     <span class='ocr_line' id='line_1_32' title="bbox 274 3622 1310 3699; baseline -0.002 -16"><span class='ocrx_word' id='word_1_159' title='bbox 274 3646 379 3683; x_wconf 83' lang='lat' dir='ltr'><strong><em>am</em></strong></span> <span class='ocrx_word' id='word_1_160' title='bbox 420 3622 684 3699; x_wconf 75' lang='lat' dir='ltr'><strong><em>officiis,</em></strong></span> <span class='ocrx_word' id='word_1_161' title='bbox 740 3646 880 3684; x_wconf 84' lang='lat' dir='ltr'><strong><em>cum</em></strong></span> <span class='ocrx_word' id='word_1_162' title='bbox 912 3628 1215 3683; x_wconf 82' lang='lat' dir='ltr'><strong><em>Antonius</em></strong></span> <span class='ocrx_word' id='word_1_163' title='bbox 1250 3644 1310 3681; x_wconf 88' lang='lat' dir='ltr'><strong><em>o-</em></strong></span> 
     </span>
     <span class='ocr_line' id='line_1_33' title="bbox 266 3696 1315 3769; baseline -0.004 -17"><span class='ocrx_word' id='word_1_164' title='bbox 266 3698 535 3753; x_wconf 79' lang='lat' dir='ltr'><strong><em>rientem</em></strong></span> <span class='ocrx_word' id='word_1_165' title='bbox 566 3696 987 3755; x_wconf 75' lang='lat' dir='ltr'><strong><em>ordinandum</em></strong></span> <span class='ocrx_word' id='word_1_166' title='bbox 1056 3697 1186 3769; x_wconf 86' lang='lat' dir='ltr'><strong><em>ipse</em></strong></span> <span class='ocrx_word' id='word_1_167' title='bbox 1220 3711 1315 3749; x_wconf 88' lang='lat' dir='ltr'><strong><em>ve-</em></strong></span> 
     </span>
     <span class='ocr_line' id='line_1_34' title="bbox 268 3731 1314 3827; baseline -0.002 -6"><span class='ocrx_word' id='word_1_168' title='bbox 268 3772 521 3822; x_wconf 80' lang='lat' dir='ltr'><strong><em>teranos</em></strong></span> <span class='ocrx_word' id='word_1_169' title='bbox 542 3766 610 3821; x_wconf 89' lang='lat' dir='ltr'><strong><em>in</em></strong></span> <span class='ocrx_word' id='word_1_170' title='bbox 630 3766 664 3820; x_wconf 86' lang='lat'><em>1</em></span> <span class='ocrx_word' id='word_1_171' title='bbox 664 3766 893 3821; x_wconf 84' lang='lat' dir='ltr'><strong><em>taliam</em></strong></span> <span class='ocrx_word' id='word_1_172' title='bbox 911 3731 1314 3827; x_wconf 67' lang='lat' dir='ltr'><strong><em>reducendos,</em></strong></span> 
     </span>
     <span class='ocr_line' id='line_1_35' title="bbox 269 3830 1312 3907; baseline -0.005 -17"><span class='ocrx_word' id='word_1_173' title='bbox 269 3842 336 3890; x_wconf 88' lang='lat' dir='ltr'><strong><em>et</em></strong></span> <span class='ocrx_word' id='word_1_174' title='bbox 374 3832 866 3907; x_wconf 77' lang='lat' dir='ltr'><strong><em>municipalibus</em></strong></span> <span class='ocrx_word' id='word_1_175' title='bbox 910 3852 949 3888; x_wconf 92' lang='lat' dir='ltr'><strong><em>a</em></strong></span> <span class='ocrx_word' id='word_1_176' title='bbox 1000 3832 1084 3886; x_wconf 89' lang='lat' dir='ltr'><strong><em>ris</em></strong></span> <span class='ocrx_word' id='word_1_177' title='bbox 1122 3830 1312 3887; x_wconf 87' lang='lat' dir='ltr'><strong><em>collo·</em></strong></span> 
     </span>
     <span class='ocr_line' id='line_1_36' title="bbox 272 3900 1315 3973; baseline -0.008 -16"><span class='ocrx_word' id='word_1_178' title='bbox 272 3900 507 3957; x_wconf 81' lang='lat' dir='ltr'><strong><em>candos</em></strong></span> <span class='ocrx_word' id='word_1_179' title='bbox 532 3903 886 3973; x_wconf 83' lang='lat' dir='ltr'><strong><em>recepisset.</em></strong></span> <span class='ocrx_word' id='word_1_180' title='bbox 959 3938 976 3955; x_wconf 86' lang='lat'><strong>.</strong></span> <span class='ocrx_word' id='word_1_181' title='bbox 996 3900 1111 3951; x_wconf 77' lang='grc' dir='ltr'><strong><em>ΡΒ.</em></strong></span> <span class='ocrx_word' id='word_1_182' title='bbox 1132 3900 1315 3952; x_wconf 77' lang='lat' dir='ltr'><strong>GRO·</strong></span> 
     </span>
     <span class='ocr_line' id='line_1_37' title="bbox 269 3967 1313 4042; baseline -0.006 -19"><span class='ocrx_word' id='word_1_183' title='bbox 269 3970 458 4025; x_wconf 75' lang='lat' dir='ltr'><strong><em>Nov.</em></strong></span> <span class='ocrx_word' id='word_1_184' title='bbox 485 3970 753 4024; x_wconf 76' lang='lat' dir='ltr'><strong><em>Caesaris</em></strong></span> <span class='ocrx_word' id='word_1_185' title='bbox 766 3984 1127 4042; x_wconf 78' lang='lat' dir='ltr'><strong><em>praenomen</em></strong></span> <span class='ocrx_word' id='word_1_186' title='bbox 1146 3967 1313 4020; x_wconf 80' lang='lat' dir='ltr'><strong><em>omit.</em></strong></span> 
     </span>
     <span class='ocr_line' id='line_1_38' title="bbox 271 4034 1310 4106; baseline -0.001 -16"><span class='ocrx_word' id='word_1_187' title='bbox 271 4048 403 4095; x_wconf 73' lang='lat' dir='ltr'><strong><em>tunt</em></strong></span> <span class='ocrx_word' id='word_1_188' title='bbox 423 4056 646 4106; x_wconf 73' lang='lat' dir='ltr'><strong><em>omnes,</em></strong></span> <span class='ocrx_word' id='word_1_189' title='bbox 724 4054 831 4094; x_wconf 77' lang='lat' dir='ltr'><strong><em>uos</em></strong></span> <span class='ocrx_word' id='word_1_190' title='bbox 851 4037 1107 4103; x_wconf 70' lang='lat' dir='ltr'><strong><em>adhibui,</em></strong></span> <span class='ocrx_word' id='word_1_191' title='bbox 1138 4034 1310 4089; x_wconf 85' lang='lat' dir='ltr'><strong><em>codd.</em></strong></span> 
     </span>
     <span class='ocr_line' id='line_1_39' title="bbox 272 4103 1315 4175; baseline -0.002 -16"><span class='ocrx_word' id='word_1_192' title='bbox 272 4124 407 4159; x_wconf 84' lang='lat' dir='ltr'><strong><em>cum</em></strong></span> <span class='ocrx_word' id='word_1_193' title='bbox 436 4110 573 4161; x_wconf 84' lang='lat' dir='ltr'><strong><em>Exc.</em></strong></span> <span class='ocrx_word' id='word_1_194' title='bbox 594 4108 689 4161; x_wconf 81' lang='lat' dir='ltr'><strong><em>Pit</em></strong></span> <span class='ocrx_word' id='word_1_195' title='bbox 728 4107 839 4169; x_wconf 73' lang='lat' dir='ltr'><strong><em>oei,</em></strong></span> <span class='ocrx_word' id='word_1_196' title='bbox 878 4118 935 4162; x_wconf 82' lang='lat' dir='ltr'><strong><em>ct</em></strong></span> <span class='ocrx_word' id='word_1_197' title='bbox 953 4103 1048 4160; x_wconf 83' lang='lat' dir='ltr'><strong><em>ed.</em></strong></span> <span class='ocrx_word' id='word_1_198' title='bbox 1070 4108 1315 4175; x_wconf 72' lang='lat' dir='ltr'><strong><em>Campa·</em></strong></span> 
     </span>
     <span class='ocr_line' id='line_1_40' title="bbox 276 4173 1313 4250; baseline 0 -22"><span class='ocrx_word' id='word_1_199' title='bbox 276 4175 360 4235; x_wconf 80' lang='lat' dir='ltr'><strong><em>ni·</em></strong></span> <span class='ocrx_word' id='word_1_200' title='bbox 406 4174 560 4236; x_wconf 77' lang='lat' dir='ltr'><strong><em>Vide</em></strong></span> <span class='ocrx_word' id='word_1_201' title='bbox 592 4176 667 4231; x_wconf 76' lang='lat' dir='ltr'><strong><em>ad</em></strong></span> <span class='ocrx_word' id='word_1_202' title='bbox 693 4176 927 4233; x_wconf 81' lang='lat' dir='ltr'><strong><em>initium</em></strong></span> <span class='ocrx_word' id='word_1_203' title='bbox 954 4173 1108 4250; x_wconf 78' lang='lat' dir='ltr'><strong><em>Epit.</em></strong></span> <span class='ocrx_word' id='word_1_204' title='bbox 1141 4189 1313 4246; x_wconf 77' lang='lat' dir='ltr'><strong><em>prae·</em></strong></span> 
     </span>
    </p>
   </div>
   <div class='ocr_carea' id='block_1_7' title="bbox 1368 2121 2424 3567">
    <p class='ocr_par' dir='ltr' id='par_1_9' title="bbox 1368 2121 2424 3567">
     <span class='ocr_line' id='line_1_41' title="bbox 1368 2121 2411 2184; baseline 0.005 -5"><span class='ocrx_word' id='word_1_205' title='bbox 1368 2121 1648 2181; x_wconf 58' lang='lat' dir='ltr'><strong><em>ccdcffls.</em></strong></span> <span class='ocrx_word' id='word_1_206' title='bbox 1665 2128 1981 2182; x_wconf 77' lang='lat' dir='ltr'><strong><em>Praeterea</em></strong></span> <span class='ocrx_word' id='word_1_207' title='bbox 1996 2126 2222 2183; x_wconf 85' lang='lat' dir='ltr'><strong><em>relicto</em></strong></span> <span class='ocrx_word' id='word_1_208' title='bbox 2236 2134 2411 2184; x_wconf 85' lang='lat' dir='ltr'><strong><em>trans</em></strong></span> 
     </span>
     <span class='ocr_line' id='line_1_42' title="bbox 1368 2197 2414 2268; baseline 0.001 -18"><span class='ocrx_word' id='word_1_209' title='bbox 1368 2212 1542 2250; x_wconf 91' lang='lat' dir='ltr'><strong><em>mare</em></strong></span> <span class='ocrx_word' id='word_1_210' title='bbox 1563 2197 1852 2257; x_wconf 76' lang='lat' dir='ltr'><strong><em>Antonio,</em></strong></span> <span class='ocrx_word' id='word_1_211' title='bbox 1875 2206 2033 2268; x_wconf 87' lang='lat' dir='ltr'><strong><em>q&#39;uae</em></strong></span> <span class='ocrx_word' id='word_1_212' title='bbox 2052 2197 2414 2268; x_wconf 86' lang='lat' dir='ltr'><strong><em>provinciae</em></strong></span> 
     </span>
     <span class='ocr_line' id='line_1_43' title="bbox 1369 2262 2418 2337; baseline 0.001 -19"><span class='ocrx_word' id='word_1_213' title='bbox 1369 2282 1449 2318; x_wconf 72' lang='lat' dir='ltr'><strong><em>es:</em></strong></span> <span class='ocrx_word' id='word_1_214' title='bbox 1481 2274 1661 2337; x_wconf 85' lang='lat' dir='ltr'><strong><em>parte</em></strong></span> <span class='ocrx_word' id='word_1_215' title='bbox 1693 2265 1947 2330; x_wconf 86' lang='lat' dir='ltr'><strong><em>imperii</em></strong></span> <span class='ocrx_word' id='word_1_216' title='bbox 1975 2272 2288 2337; x_wconf 84' lang='lat' dir='ltr'><strong><em>p&#39;otestate</em></strong></span> <span class='ocrx_word' id='word_1_217' title='bbox 2320 2262 2418 2319; x_wconf 60' lang='lat' dir='ltr'><strong><em>te-</em></strong></span> 
     </span>
     <span class='ocr_line' id='line_1_44' title="bbox 1370 2331 2409 2389; baseline 0 -2"><span class='ocrx_word' id='word_1_218' title='bbox 1370 2340 1684 2389; x_wconf 86' lang='lat' dir='ltr'><strong><em>cesserant</em></strong></span> <span class='ocrx_word' id='word_1_219' title='bbox 1727 2331 1890 2389; x_wconf 82' lang='lat' dir='ltr'><strong><em>Leid.</em></strong></span> <span class='ocrx_word' id='word_1_220' title='bbox 1954 2332 2175 2387; x_wconf 87' lang='lat' dir='ltr'><strong><em>relicto</em></strong></span> <span class='ocrx_word' id='word_1_221' title='bbox 2235 2342 2409 2389; x_wconf 86' lang='lat' dir='ltr'><strong><em>trans</em></strong></span> 
     </span>
     <span class='ocr_line' id='line_1_45' title="bbox 1370 2401 2413 2477; baseline -0.002 -20"><span class='ocrx_word' id='word_1_222' title='bbox 1370 2412 1544 2457; x_wconf 84' lang='lat' dir='ltr'><strong><em>mare</em></strong></span> <span class='ocrx_word' id='word_1_223' title='bbox 1592 2402 1857 2457; x_wconf 81' lang='lat' dir='ltr'><strong><em>Antonio</em></strong></span> <span class='ocrx_word' id='word_1_224' title='bbox 1913 2401 2267 2477; x_wconf 69' lang='lat' dir='ltr'><strong><em>provinciae</em></strong></span> <span class='ocrx_word' id='word_1_225' title='bbox 2331 2418 2413 2457; x_wconf 77' lang='lat' dir='ltr'><strong><em>ex</em></strong></span> 
     </span>
     <span class='ocr_line' id='line_1_46' title="bbox 1369 2470 2416 2543; baseline 0.002 -20"><span class='ocrx_word' id='word_1_226' title='bbox 1369 2476 1550 2542; x_wconf 86' lang='lat' dir='ltr'><strong><em>parte</em></strong></span> <span class='ocrx_word' id='word_1_227' title='bbox 1583 2472 1836 2543; x_wconf 84' lang='lat' dir='ltr'><strong><em>imperii</em></strong></span> <span class='ocrx_word' id='word_1_228' title='bbox 1873 2470 2118 2541; x_wconf 77' lang='lat' dir='ltr'><strong><em>positae</em></strong></span> <span class='ocrx_word' id='word_1_229' title='bbox 2153 2486 2416 2525; x_wconf 85' lang='lat' dir='ltr'><strong><em>recesse-</em></strong></span> 
     </span>
     <span class='ocr_line' id='line_1_47' title="bbox 1370 2536 2415 2611; baseline -0.002 -18"><span class='ocrx_word' id='word_1_230' title='bbox 1370 2544 1517 2593; x_wconf 82' lang='lat' dir='ltr'><strong><em>rant</em></strong></span> <span class='ocrx_word' id='word_1_231' title='bbox 1535 2540 1698 2611; x_wconf 67' lang='grc' dir='ltr'><strong>θοι-ς.</strong></span> <span class='ocrx_word' id='word_1_232' title='bbox 1721 2547 1778 2591; x_wconf 82' lang='lat' dir='ltr'><strong><em>et</em></strong></span> <span class='ocrx_word' id='word_1_233' title='bbox 1793 2539 1988 2593; x_wconf 61' lang='lat' dir='ltr'><strong><em>Lava.</em></strong></span> <span class='ocrx_word' id='word_1_234' title='bbox 2004 2536 2225 2592; x_wconf 80' lang='lat' dir='ltr'><strong><em>relicto</em></strong></span> <span class='ocrx_word' id='word_1_235' title='bbox 2239 2544 2415 2595; x_wconf 82' lang='lat' dir='ltr'><strong><em>trans</em></strong></span> 
     </span>
     <span class='ocr_line' id='line_1_48' title="bbox 1371 2606 2416 2679; baseline -0.002 -18"><span class='ocrx_word' id='word_1_236' title='bbox 1371 2624 1546 2661; x_wconf 87' lang='lat' dir='ltr'><strong><em>mare</em></strong></span> <span class='ocrx_word' id='word_1_237' title='bbox 1563 2606 1828 2662; x_wconf 84' lang='lat' dir='ltr'><strong><em>Antonio</em></strong></span> <span class='ocrx_word' id='word_1_238' title='bbox 1857 2626 1936 2662; x_wconf 78' lang='lat' dir='ltr'><strong><em>ex</em></strong></span> <span class='ocrx_word' id='word_1_239' title='bbox 1959 2612 2142 2679; x_wconf 87' lang='lat' dir='ltr'><strong><em>parte</em></strong></span> <span class='ocrx_word' id='word_1_240' title='bbox 2159 2607 2244 2661; x_wconf 88' lang='lat' dir='ltr'><strong><em>im</em></strong></span> <span class='ocrx_word' id='word_1_241' title='bbox 2293 2606 2416 2661; x_wconf 83' lang='lat' dir='ltr'><strong><em>erii</em></strong></span> 
     </span>
     <span class='ocr_line' id='line_1_49' title="bbox 1412 2676 2418 2731; baseline -0.002 -2"><span class='ocrx_word' id='word_1_242' title='bbox 1412 2682 1678 2730; x_wconf 87' lang='lat' dir='ltr'><strong><em>otestate</em></strong></span> <span class='ocrx_word' id='word_1_243' title='bbox 1708 2680 2045 2731; x_wconf 82' lang='lat' dir='ltr'><strong><em>recessera&#39;t</em></strong></span> <span class='ocrx_word' id='word_1_244' title='bbox 2060 2676 2222 2729; x_wconf 76' lang='lat' dir='ltr'><strong><em>Boon</em></strong></span> <span class='ocrx_word' id='word_1_245' title='bbox 2278 2713 2290 2727; x_wconf 92' lang='lat'><strong>.</strong></span> <span class='ocrx_word' id='word_1_246' title='bbox 2323 2690 2418 2727; x_wconf 90' lang='lat' dir='ltr'><strong><em>re·</em></strong></span> 
     </span>
     <span class='ocr_line' id='line_1_50' title="bbox 1399 2743 2414 2811; baseline -0.001 -13"><span class='ocrx_word' id='word_1_247' title='bbox 1399 2746 1524 2798; x_wconf 79' lang='lat' dir='ltr'><strong><em>icto</em></strong></span> <span class='ocrx_word' id='word_1_248' title='bbox 1557 2752 1730 2798; x_wconf 90' lang='lat' dir='ltr'><strong><em>trans</em></strong></span> <span class='ocrx_word' id='word_1_249' title='bbox 1763 2760 1937 2797; x_wconf 91' lang='lat' dir='ltr'><strong><em>mare</em></strong></span> <span class='ocrx_word' id='word_1_250' title='bbox 1967 2743 2238 2799; x_wconf 80' lang='lat' dir='ltr'><strong><em>Antonio</em></strong></span> <span class='ocrx_word' id='word_1_251' title='bbox 2277 2760 2414 2811; x_wconf 86' lang='lat' dir='ltr'><strong><em>pro·</em></strong></span> 
     </span>
     <span class='ocr_line' id='line_1_51' title="bbox 1372 2812 2414 2883; baseline -0.003 -17"><span class='ocrx_word' id='word_1_252' title='bbox 1372 2812 1609 2866; x_wconf 76' lang='lat' dir='ltr'><strong><em>vinciae</em></strong></span> <span class='ocrx_word' id='word_1_253' title='bbox 1641 2830 1720 2866; x_wconf 71' lang='lat' dir='ltr'><strong><em>es:</em></strong></span> <span class='ocrx_word' id='word_1_254' title='bbox 1747 2822 1928 2883; x_wconf 87' lang='lat' dir='ltr'><strong><em>parte</em></strong></span> <span class='ocrx_word' id='word_1_255' title='bbox 1958 2812 2211 2875; x_wconf 86' lang='lat' dir='ltr'><strong><em>imperii</em></strong></span> <span class='ocrx_word' id='word_1_256' title='bbox 2243 2818 2414 2877; x_wconf 85' lang='lat' dir='ltr'><strong><em>pote·</em></strong></span> 
     </span>
     <span class='ocr_line' id='line_1_52' title="bbox 1368 2876 2413 2935; baseline -0.003 -1"><span class='ocrx_word' id='word_1_257' title='bbox 1368 2886 1535 2934; x_wconf 88' lang='lat' dir='ltr'><strong><em>state</em></strong></span> <span class='ocrx_word' id='word_1_258' title='bbox 1578 2887 1919 2935; x_wconf 87' lang='lat' dir='ltr'><strong><em>recesserat</em></strong></span> <span class='ocrx_word' id='word_1_259' title='bbox 1971 2882 2107 2932; x_wconf 84' lang='lat' dir='ltr'><strong><em>Exc.</em></strong></span> <span class='ocrx_word' id='word_1_260' title='bbox 2158 2876 2413 2932; x_wconf 78' lang='lat' dir='ltr'><strong><em>Pithoei.</em></strong></span> 
     </span>
     <span class='ocr_line' id='line_1_53' title="bbox 1370 2948 2417 3015; baseline -0.003 -13"><span class='ocrx_word' id='word_1_261' title='bbox 1370 2948 1592 3003; x_wconf 83' lang='lat' dir='ltr'><strong><em>relicto</em></strong></span> <span class='ocrx_word' id='word_1_262' title='bbox 1613 2956 1787 3003; x_wconf 84' lang='lat' dir='ltr'><strong><em>trans</em></strong></span> <span class='ocrx_word' id='word_1_263' title='bbox 1803 2965 1975 3003; x_wconf 85' lang='lat' dir='ltr'><strong><em>mare</em></strong></span> <span class='ocrx_word' id='word_1_264' title='bbox 1987 2948 2256 3002; x_wconf 86' lang='lat' dir='ltr'><strong><em>Antonio</em></strong></span> <span class='ocrx_word' id='word_1_265' title='bbox 2274 2966 2417 3015; x_wconf 82' lang='lat' dir='ltr'><strong><em>pro·</em></strong></span> 
     </span>
     <span class='ocr_line' id='line_1_54' title="bbox 1372 3016 2413 3087; baseline -0.003 -17"><span class='ocrx_word' id='word_1_266' title='bbox 1372 3016 1610 3070; x_wconf 80' lang='lat' dir='ltr'><strong><em>vinciae</em></strong></span> <span class='ocrx_word' id='word_1_267' title='bbox 1639 3034 1716 3071; x_wconf 77' lang='lat' dir='ltr'><strong><em>ex</em></strong></span> <span class='ocrx_word' id='word_1_268' title='bbox 1743 3024 1923 3087; x_wconf 84' lang='lat' dir='ltr'><strong><em>parte</em></strong></span> <span class='ocrx_word' id='word_1_269' title='bbox 1941 3016 2193 3087; x_wconf 87' lang='lat' dir='ltr'><strong><em>imperii</em></strong></span> <span class='ocrx_word' id='word_1_270' title='bbox 2215 3017 2274 3071; x_wconf 88' lang='lat' dir='ltr'><strong><em>ei</em></strong></span> <span class='ocrx_word' id='word_1_271' title='bbox 2292 3033 2413 3069; x_wconf 87' lang='lat' dir='ltr'><strong><em>ces-</em></strong></span> 
     </span>
     <span class='ocr_line' id='line_1_55' title="bbox 1368 3081 2419 3154; baseline -0.003 -16"><span class='ocrx_word' id='word_1_272' title='bbox 1368 3092 1542 3139; x_wconf 85' lang='lat' dir='ltr'><strong><em>serat</em></strong></span> <span class='ocrx_word' id='word_1_273' title='bbox 1573 3081 1666 3135; x_wconf 84' lang='lat' dir='ltr'><strong><em>ed.</em></strong></span> <span class='ocrx_word' id='word_1_274' title='bbox 1698 3088 1900 3154; x_wconf 69' lang='lat' dir='ltr'><strong><em>camp.</em></strong></span> <span class='ocrx_word' id='word_1_275' title='bbox 1941 3082 2232 3137; x_wconf 79' lang='lat' dir='ltr'><strong><em>Gronovii</em></strong></span> <span class='ocrx_word' id='word_1_276' title='bbox 2279 3098 2419 3136; x_wconf 84' lang='lat' dir='ltr'><strong><em>con-</em></strong></span> 
     </span>
     <span class='ocr_line' id='line_1_56' title="bbox 1370 3151 2420 3221; baseline 0 -17"><span class='ocrx_word' id='word_1_277' title='bbox 1370 3152 1651 3221; x_wconf 79' lang='lat' dir='ltr'><strong><em>jecturam</em></strong></span> <span class='ocrx_word' id='word_1_278' title='bbox 1695 3153 1912 3221; x_wconf 77' lang='lat' dir='ltr'><strong><em>probat</em></strong></span> <span class='ocrx_word' id='word_1_279' title='bbox 1933 3152 2154 3205; x_wconf 70' lang='lat' dir='ltr'><strong><em>Clariis.</em></strong></span> <span class='ocrx_word' id='word_1_280' title='bbox 2179 3151 2420 3206; x_wconf 76' lang='lat' dir='ltr'><strong><em>Crevie-</em></strong></span> 
     </span>
     <span class='ocr_line' id='line_1_57' title="bbox 1372 3218 2418 3291; baseline 0.002 -18"><span class='ocrx_word' id='word_1_281' title='bbox 1372 3220 1514 3281; x_wconf 71' lang='lat' dir='ltr'><strong><em>rius,</em></strong></span> <span class='ocrx_word' id='word_1_282' title='bbox 1547 3218 1654 3271; x_wconf 76' lang='lat' dir='ltr'><strong><em>nisi</em></strong></span> <span class='ocrx_word' id='word_1_283' title='bbox 1677 3220 1835 3291; x_wconf 85' lang='lat' dir='ltr'><strong><em>quod</em></strong></span> <span class='ocrx_word' id='word_1_284' title='bbox 1857 3220 2015 3272; x_wconf 76' lang='lat' dir='ltr'><strong><em>malit</em></strong></span> <span class='ocrx_word' id='word_1_285' title='bbox 2034 3236 2114 3275; x_wconf 75' lang='lat' dir='ltr'><strong><em>ex</em></strong></span> <span class='ocrx_word' id='word_1_286' title='bbox 2127 3220 2418 3291; x_wconf 82' lang='lat' dir='ltr'><strong><em>partitio-</em></strong></span> 
     </span>
     <span class='ocr_line' id='line_1_58' title="bbox 1374 3283 2414 3361; baseline -0.002 -17"><span class='ocrx_word' id='word_1_287' title='bbox 1374 3308 1447 3344; x_wconf 91' lang='lat' dir='ltr'><strong><em>ne</em></strong></span> <span class='ocrx_word' id='word_1_288' title='bbox 1483 3289 1750 3360; x_wconf 83' lang='lat' dir='ltr'><strong><em>imperii.</em></strong></span> <span class='ocrx_word' id='word_1_289' title='bbox 1809 3286 1970 3361; x_wconf 82' lang='lat' dir='ltr'><strong><em>quod</em></strong></span> <span class='ocrx_word' id='word_1_290' title='bbox 2012 3283 2188 3343; x_wconf 76' lang='lat' dir='ltr'><strong><em>etiam</em></strong></span> <span class='ocrx_word' id='word_1_291' title='bbox 2217 3286 2414 3342; x_wconf 75' lang='lat' dir='ltr'><strong><em>verius</em></strong></span> 
     </span>
     <span class='ocr_line' id='line_1_59' title="bbox 1372 3355 1628 3411; baseline -0.012 -1"><span class='ocrx_word' id='word_1_292' title='bbox 1372 3355 1628 3411; x_wconf 77' lang='lat' dir='ltr'><strong><em>videtur.</em></strong></span> 
     </span>
     <span class='ocr_line' id='line_1_60' title="bbox 1442 3422 2418 3493; baseline 0 -14"><span class='ocrx_word' id='word_1_293' title='bbox 1442 3426 1732 3493; x_wconf 78' lang='lat' dir='ltr'><strong><em>Corrupti</em></strong></span> <span class='ocrx_word' id='word_1_294' title='bbox 1762 3442 1800 3478; x_wconf 91' lang='lat' dir='ltr'><strong><em>a</em></strong></span> <span class='ocrx_word' id='word_1_295' title='bbox 1829 3422 2066 3491; x_wconf 79' lang='lat' dir='ltr'><strong><em>Fulvia,</em></strong></span> <span class='ocrx_word' id='word_1_296' title='bbox 2106 3428 2197 3481; x_wconf 87' lang='lat' dir='ltr'><strong><em>M.</em></strong></span> <span class='ocrx_word' id='word_1_297' title='bbox 2230 3424 2418 3479; x_wconf 85' lang='lat' dir='ltr'><strong><em>Anto·</em></strong></span> 
     </span>
     <span class='ocr_line' id='line_1_61' title="bbox 1376 3494 2424 3567; baseline 0 -18"><span class='ocrx_word' id='word_1_298' title='bbox 1376 3494 1470 3549; x_wconf 87' lang='lat' dir='ltr'><strong><em>nii</em></strong></span> <span class='ocrx_word' id='word_1_299' title='bbox 1488 3500 1704 3553; x_wconf 75' lang='lat' dir='ltr'><strong><em>uxore]</em></strong></span> <span class='ocrx_word' id='word_1_300' title='bbox 1731 3494 1993 3549; x_wconf 80' lang='lat' dir='ltr'><strong><em>correcti</em></strong></span> <span class='ocrx_word' id='word_1_301' title='bbox 2013 3494 2165 3547; x_wconf 80' lang='lat' dir='ltr'>Voss&#39;.</span> <span class='ocrx_word' id='word_1_302' title='bbox 2187 3494 2424 3567; x_wconf 79' lang='lat' dir='ltr'><strong><em>corepti</em></strong></span> 
     </span>
    </p>
   </div>
   <div class='ocr_carea' id='block_1_8' title="bbox 1378 3558 2524 3633">
    <p class='ocr_par' dir='ltr' id='par_1_10' title="bbox 1378 3558 2524 3633">
     <span class='ocr_line' id='line_1_62' title="bbox 1378 3558 2524 3633; baseline 0.002 -19"><span class='ocrx_word' id='word_1_303' title='bbox 1378 3558 1609 3615; x_wconf 82' lang='lat' dir='ltr'><strong><em>Boend.</em></strong></span> <span class='ocrx_word' id='word_1_304' title='bbox 1654 3563 1922 3633; x_wconf 84' lang='lat' dir='ltr'><strong><em>correpti</em></strong></span> <span class='ocrx_word' id='word_1_305' title='bbox 1959 3563 2131 3633; x_wconf 80' lang='lat' dir='ltr'><strong><em>Berg.</em></strong></span> <span class='ocrx_word' id='word_1_306' title='bbox 2187 3562 2332 3615; x_wconf 84' lang='lat' dir='ltr'><strong><em>Lov.</em></strong></span> <span class='ocrx_word' id='word_1_307' title='bbox 2363 3579 2418 3615; x_wconf 62' lang='grc' dir='ltr'><strong><em>π.</em></strong></span> <span class='ocrx_word' id='word_1_308' title='bbox 2519 3572 2524 3577; x_wconf 90' lang='grc'><em>“</em></span> 
     </span>
    </p>
   </div>
   <div class='ocr_carea' id='block_1_9' title="bbox 1378 3627 2426 3905">
    <p class='ocr_par' dir='ltr' id='par_1_11' title="bbox 1378 3627 2426 3905">
     <span class='ocr_line' id='line_1_63' title="bbox 1378 3627 2424 3701; baseline 0 -18"><span class='ocrx_word' id='word_1_309' title='bbox 1378 3632 1515 3683; x_wconf 83' lang='lat' dir='ltr'><strong><em>Exc.</em></strong></span> <span class='ocrx_word' id='word_1_310' title='bbox 1541 3628 1790 3695; x_wconf 73' lang='lat' dir='ltr'><strong><em>Pithoei,</em></strong></span> <span class='ocrx_word' id='word_1_311' title='bbox 1829 3639 1887 3683; x_wconf 82' lang='lat' dir='ltr'><strong><em>et</em></strong></span> <span class='ocrx_word' id='word_1_312' title='bbox 1919 3646 2120 3683; x_wconf 78' lang='lat' dir='ltr'><strong><em>omncs</em></strong></span> <span class='ocrx_word' id='word_1_313' title='bbox 2150 3630 2302 3701; x_wconf 76' lang='lat' dir='ltr'><strong><em>typis</em></strong></span> <span class='ocrx_word' id='word_1_314' title='bbox 2323 3627 2424 3683; x_wconf 83' lang='lat' dir='ltr'><strong><em>dc·</em></strong></span> 
     </span>
     <span class='ocr_line' id='line_1_64' title="bbox 1381 3696 2420 3771; baseline -0.004 -17"><span class='ocrx_word' id='word_1_315' title='bbox 1381 3697 1588 3769; x_wconf 74' lang='lat' dir='ltr'><strong><em>scripti</em></strong></span> <span class='ocrx_word' id='word_1_316' title='bbox 1621 3716 1804 3771; x_wconf 79' lang='lat' dir='ltr'><strong><em>usque</em></strong></span> <span class='ocrx_word' id='word_1_317' title='bbox 1837 3697 1910 3751; x_wconf 77' lang='lat' dir='ltr'><strong><em>ad</em></strong></span> <span class='ocrx_word' id='word_1_318' title='bbox 1927 3697 2289 3763; x_wconf 61' lang='lat' dir='ltr'><strong><em>Ascanium,</em></strong></span> <span class='ocrx_word' id='word_1_319' title='bbox 2319 3696 2420 3770; x_wconf 73' lang='lat' dir='ltr'><strong><em>qui</em></strong></span> 
     </span>
     <span class='ocr_line' id='line_1_65' title="bbox 1381 3766 2426 3840; baseline -0.006 -19"><span class='ocrx_word' id='word_1_320' title='bbox 1381 3784 1536 3821; x_wconf 79' lang='lat' dir='ltr'><strong><em>anno</em></strong></span> <span class='ocrx_word' id='word_1_321' title='bbox 1563 3769 1706 3823; x_wconf 54' lang='lat'><strong><em>153.</em></strong></span> <span class='ocrx_word' id='word_1_322' title='bbox 1738 3766 2020 3840; x_wconf 86' lang='lat' dir='ltr'><strong><em>corrupti</em></strong></span> <span class='ocrx_word' id='word_1_323' title='bbox 2045 3776 2206 3821; x_wconf 81' lang='lat' dir='ltr'><strong><em>recte</em></strong></span> <span class='ocrx_word' id='word_1_324' title='bbox 2227 3784 2426 3819; x_wconf 79' lang='lat' dir='ltr'><strong><em>emen.</em></strong></span> 
     </span>
     <span class='ocr_line' id='line_1_66' title="bbox 1382 3832 2420 3905; baseline 0.001 -19"><span class='ocrx_word' id='word_1_325' title='bbox 1382 3834 1564 3889; x_wconf 74' lang='lat' dir='ltr'><strong><em>davit.</em></strong></span> <span class='ocrx_word' id='word_1_326' title='bbox 1605 3833 1672 3888; x_wconf 88' lang='lat' dir='ltr'><strong><em>ld</em></strong></span> <span class='ocrx_word' id='word_1_327' title='bbox 1689 3844 1882 3889; x_wconf 81' lang='lat' dir='ltr'><strong><em>autem</em></strong></span> <span class='ocrx_word' id='word_1_328' title='bbox 1901 3836 2158 3905; x_wconf 82' lang='lat' dir='ltr'><strong><em>superest</em></strong></span> <span class='ocrx_word' id='word_1_329' title='bbox 2175 3834 2234 3887; x_wconf 81' lang='lat' dir='ltr'><strong><em>in</em></strong></span> <span class='ocrx_word' id='word_1_330' title='bbox 2251 3832 2420 3889; x_wconf 81' lang='lat' dir='ltr'><strong><em>Leid.</em></strong></span> 
     </span>
    </p>
   </div>
   <div class='ocr_carea' id='block_1_10' title="bbox 1382 3886 2542 3969">
    <p class='ocr_par' dir='ltr' id='par_1_12' title="bbox 1382 3886 2542 3969">
     <span class='ocr_line' id='line_1_67' title="bbox 1382 3886 2542 3969; baseline 0.003 -14"><span class='ocrx_word' id='word_1_331' title='bbox 1382 3902 1536 3956; x_wconf 78' lang='lat' dir='ltr'><strong><em>Vide</em></strong></span> <span class='ocrx_word' id='word_1_332' title='bbox 1568 3902 1640 3956; x_wconf 80' lang='lat' dir='ltr'><strong><em>ad</em></strong></span> <span class='ocrx_word' id='word_1_333' title='bbox 1673 3906 1724 3969; x_wconf 81' lang='lat'><strong><em>3,</em></strong></span> <span class='ocrx_word' id='word_1_334' title='bbox 1757 3906 1844 3969; x_wconf 79' lang='lat'><strong><em>37,</em></strong></span> <span class='ocrx_word' id='word_1_335' title='bbox 1873 3906 1930 3958; x_wconf 82' lang='lat'><strong><em>8.</em></strong></span> <span class='ocrx_word' id='word_1_336' title='bbox 1970 3904 2105 3957; x_wconf 81' lang='lat' dir='ltr'><strong><em>Mox</em></strong></span> <span class='ocrx_word' id='word_1_337' title='bbox 2127 3900 2425 3960; x_wconf 80' lang='lat' dir='ltr'><strong><em>adversus</em></strong></span> <span class='ocrx_word' id='word_1_338' title='bbox 2529 3886 2542 3897; x_wconf 65' lang='grc'><strong>’</strong></span> 
     </span>
    </p>
   </div>
   <div class='ocr_carea' id='block_1_11' title="bbox 1379 3972 2426 4253">
    <p class='ocr_par' dir='ltr' id='par_1_13' title="bbox 1379 3972 2426 4253">
     <span class='ocr_line' id='line_1_68' title="bbox 1380 3972 2425 4045; baseline -0.005 -17"><span class='ocrx_word' id='word_1_339' title='bbox 1380 3972 1844 4045; x_wconf 72' lang='lat' dir='ltr'><strong><em>imperatorem,</em></strong></span> <span class='ocrx_word' id='word_1_340' title='bbox 1886 3988 2000 4043; x_wconf 84' lang='lat' dir='ltr'><strong><em>pro</em></strong></span> <span class='ocrx_word' id='word_1_341' title='bbox 2029 3980 2266 4039; x_wconf 86' lang='lat' dir='ltr'><strong><em>contra,</em></strong></span> <span class='ocrx_word' id='word_1_342' title='bbox 2301 3988 2425 4025; x_wconf 86' lang='lat' dir='ltr'><strong><em>om-</em></strong></span> 
     </span>
     <span class='ocr_line' id='line_1_69' title="bbox 1380 4038 2424 4109; baseline -0.002 -15"><span class='ocrx_word' id='word_1_343' title='bbox 1380 4058 1488 4094; x_wconf 78' lang='lat' dir='ltr'><strong><em>nes</em></strong></span> <span class='ocrx_word' id='word_1_344' title='bbox 1503 4040 1672 4093; x_wconf 85' lang='lat' dir='ltr'><strong><em>codd.</em></strong></span> <span class='ocrx_word' id='word_1_345' title='bbox 1693 4038 1826 4103; x_wconf 75' lang='lat' dir='ltr'><strong><em>mei,</em></strong></span> <span class='ocrx_word' id='word_1_346' title='bbox 1843 4050 1902 4094; x_wconf 85' lang='lat' dir='ltr'><strong><em>et</em></strong></span> <span class='ocrx_word' id='word_1_347' title='bbox 1919 4038 2012 4095; x_wconf 83' lang='lat' dir='ltr'><strong><em>cd.</em></strong></span> <span class='ocrx_word' id='word_1_348' title='bbox 2030 4040 2232 4109; x_wconf 82' lang='lat' dir='ltr'><strong><em>Camp.</em></strong></span> <span class='ocrx_word' id='word_1_349' title='bbox 2273 4038 2424 4093; x_wconf 76' lang='lat' dir='ltr'><strong><em>Vide</em></strong></span> 
     </span>
     <span class='ocr_line' id='line_1_70' title="bbox 1382 4103 2426 4180; baseline 0 -17"><span class='ocrx_word' id='word_1_350' title='bbox 1382 4108 1456 4163; x_wconf 84' lang='lat' dir='ltr'><strong><em>ad</em></strong></span> <span class='ocrx_word' id='word_1_351' title='bbox 1471 4110 1627 4180; x_wconf 78' lang='lat' dir='ltr'><strong><em>Epit.</em></strong></span> <span class='ocrx_word' id='word_1_352' title='bbox 1643 4112 1732 4169; x_wconf 82' lang='lat'><strong><em>57.</em></strong></span> <span class='ocrx_word' id='word_1_353' title='bbox 1760 4110 1905 4161; x_wconf 87' lang='lat' dir='ltr'><strong><em>Tum</em></strong></span> <span class='ocrx_word' id='word_1_354' title='bbox 1924 4128 2035 4163; x_wconf 90' lang='lat' dir='ltr'><strong><em>con</em></strong></span> <span class='ocrx_word' id='word_1_355' title='bbox 2049 4103 2426 4174; x_wconf 78' lang='lat' dir='ltr'><strong><em>&#39;uraverant,</em></strong></span> 
     </span>
     <span class='ocr_line' id='line_1_71' title="bbox 1379 4174 2424 4253; baseline -0.002 -22"><span class='ocrx_word' id='word_1_356' title='bbox 1379 4194 1492 4253; x_wconf 78' lang='lat' dir='ltr'><strong><em>pro</em></strong></span> <span class='ocrx_word' id='word_1_357' title='bbox 1507 4179 1993 4247; x_wconf 79' lang='lat' dir='ltr'><strong><em>concitaverant,</em></strong></span> <span class='ocrx_word' id='word_1_358' title='bbox 2055 4174 2234 4233; x_wconf 80' lang='lat' dir='ltr'><strong><em>eid.et</em></strong></span> <span class='ocrx_word' id='word_1_359' title='bbox 2247 4178 2424 4251; x_wconf 73' lang='lat' dir='ltr'><strong><em>Berg-</em></strong></span> 
     </span>
    </p>
   </div>
  </div>
 </body>
</html>
