2892 4684
649 275 771 320 ,ιο
840 231 2114 324 memsasuprmmuronum
2141 261 2578 328 tammum.
2671 357 2682 372 ο

650 391 693 402 -ο

324 464 396 522 U.
412 483 609 536 c.7o·7.
654 465 771 528 des
796 466 1119 529 similibus
1147 465 1377 530 cauffis
1400 466 1570 551 apud
1587 469 2103 532 Bursavolenses
2127 467 2214 532 est
2235 469 2432 533 edita.
2479 471 2644 534 Cae·

320 522 591 606 A.C.45.
654 570 793 621 sar,
839 549 1037 611 rebus
1068 551 1363 632 Ateguae
1400 548 1762 612 constitutis
1784 593 1802 622 ,
1847 551 1934 611 ita
1968 549 2206 635 propin
2258 553 2360 614 uis
2389 556 2646 615 aPom·

652 630 807 714 pejo
850 632 1017 692 locis
1056 631 1395 704 consedit,
1455 645 1529 694 ut
1559 629 1779 694 castris
1807 633 2116 696 conferre
2147 574 2344 696 saffira
2377 634 2643 697 videre·

650 726 779 775 tur.
866 714 963 774 lbi
1014 713 1165 776 dum
1210 729 1490 796 uterque
1535 713 1849 797 operibus
1900 714 2284 799 viribusque
2325 737 2646 801 superare

556 801 578 814 ’
648 793 1095 858 adversarium
1148 796 1520 870 contendit,
1597 794 1846 880 aliquot
1883 796 2140 858 minora
2181 787 2434 894 proelia
2475 798 2650 861 facta

651 891 834 948 sunt,
882 891 1339 961 certamenque
1382 877 1712 961 singulare
1749 877 2146 939 commill'um
2182 894 2353 941 mter
2385 895 2648 966 specta-

646 959 754 1052 'ta'e
781 959 1046 1021 virtutis
1076 960 1255 1060 viros
1284 960 1688 1044 'Fui-Pinnem
1717 958 2113 1035 Ambivium,
2157 975 2225 1024 et
2249 961 2334 1044 Q.
2360 963 2649 1048 Pompe-

648 1060 783 1122 Jum
820 1042 1114 1124 Nigrum.

772 1173 848 1233 L.
906 1171 1100 1256 Quod
1136 1182 1348 1234 tamen
1387 1170 1600 1236 ferme
1634 1174 1942 1272 superior
1977 1174 2276 1237 Caesaris
2313 1188 2645 1250 res-erat,

646 1253 1003 1338 Pompeius
1046 1253 1273 1318 itidem
1314 1251 1513 1315 castra
1554 1271 1798 1334 mov1t3
1863 1265 2361 1341 moventemque
2407 1259 2652 1322 Caesar

648 1333 741 1396 est
794 1337 1216 1419 insequutus,
1283 1335 1495 1398 donee
1544 1357 1659 1400 eos
1710 1339 1780 1399 in
1819 1338 2248 1402 Mundensem
2287 1341 2650 1425 -eampum,

646 1417 909 1485 fatalem
933 1420 1093 1483 Pom
1146 1417 1250 1497 ejo
1278 1417 1594 1492 futurum,
1637 1419 1798 1480 belli
1831 1420 2000 1481 ratio
2035 1420 2324 1484 deduxit.
2383 1425 2474 1484 Et
2509 1435 2654 1484 erat

647 1498 805 1562 inde
864 1499 1045 1562 disce
1102 1520 1255 1560 urus
1291 1501 1565 1574 Caesar,
1627 1500 1782 1575 sed,
1835 1501 2096 1576 audito,
2139 1503 2527 1589 Pompeium
2566 1505 2652 1566 de

647 1582 845 1642 tertia
882 1581 1107 1664 vigilia
1134 1577 1371 1642 -stetiss'e
1414 1581 1481 1642 in
1517 1582 1657 1645 acie
1680 1625 1697 1655 ,
1741 1583 2052 1646 vexillum
2093 1583 2195 1664 (id
2223 1586 2482 1668 signum
2510 1599 2656 1648 erat

647 1663 938 1746 pugnae)
991 1663 1373 1747 proposuit:
1442 1663 1597 1737 sed,
1655 1678 1729 1727 ut
1782 1662 1870 1727 est
1925 1664 2381 1741 observatum,
2445 1669 2651 1730 solito

648 1741 978 1806 moestior.
1065 1744 1387 1806 Similiter
1412 1744 1806 1830 Pompeius,
1853 1747 2116 1809 consilii
2154 1747 2384 1832 inops,
2428 1767 2654 1836 neque

652 1825 1064 1888 constituram
1103 1825 1417 1888 adversus
1457 1827 1648 1912 longa
1689 1828 1847 1890 belli
1885 1827 2267 1890 detrimenta
2312 1831 2654 1892 sociorum

327 1905 593 1980 Prodigia
652 1907 851 1970 fidem
906 1920 1121 1984 ratus,
1187 1909 1584 1993 properabat
1640 1906 2042 1988 decernere3
2113 1911 2270 1973 licet
2363 1911 2651 1996 rodigiis

286 1996 537 2050 P‘g'm'·
654 2005 877 2076 aperte
912 1989 1425 2053 deterrentibus.
1512 1993 1682 2054 Sane
1726 1992 2068 2054 simulacra
2112 1935 2398 2066 sudassg,
2467 1994 2654 2054 soni-

284 2049 627 2172 &¹235ng
652 2089 756 2136 tus
796 2085 1183 2134 armatorum
1220 2071 1476 2134 auditos
1517 2074 1586 2134 in
1625 2075 1852 2147 coelo,
1913 2075 2204 2159 itemque
2249 2071 2655 2138 monstrosos

284 2138 391 2244 ᾗ..
520 2223 527 2230 .
578 2148 599 2161 ”
652 2155 1020 2217 animalium
1057 2167 1321 2239 partus,
1381 2154 1561 2219 faces
1595 2155 1681 2218 ab
1718 2156 1974 2218 oriente
2011 2170 2542 2218 transcurrentes
2582 2155 2656 2216 in

652 2256 991 2307 occasum,
1052 2253 1371 2319 spernere
1424 2259 1548 2320 prp
1589 2238 1804 2301 irritis
1848 2251 1954 2300 aut
1990 2236 2158 2299 ambi
2209 2239 2310 2300 uis
2348 2251 2652 2322 poterat:

651 2318 769 2382 sed
808 2317 1060 2402 aquilae
1104 2316 1639 2400 Pompeianarum
1677 2319 2041 2403 legionum,
2105 2319 2174 2382 fu
2205 2321 2417 2392 mina,
2485 2339 2655 2404 quae

652 2399 931 2484 pedibus
970 2420 1166 2461 aurea
1206 2401 1779 2474 tendinum-visae
1817 2399 2144 2473 de'icere,
2173 2402 2457 2485 -alasque
2494 2420 2653 2462 con-

654 2495 881 2544 cutere
922 2480 1275 2544 avolaturis
1314 2482 1601 2561 similes,
1661 2481 1835 2546 haud
1925 2483 2140 2545 ubiam
2174 2481 2430 2546 cladem
2467 2481 2658 2547 vide-

652 2563 890 2627 bantur
932 2561 1361 2647 portendere.

364 2709 605 2783 pfflpjf
776 2687 883 2748 LI.
924 2686 1245 2748 Planities
1280 2687 1460 2749 inter
1491 2699 1768 2772 utraque
1800 2683 1996 2750 castra
2024 2683 2479 2749 intercedebat
2509 2683 2660 2772 mil-

316 2782 485 2840 acles.
654 2765 815 2830 lium
840 2768 1149 2852 quinque,
1206 2769 1497 2848 subjecta
1531 2768 1835 2842 collibus,
1881 2769 1950 2829 in
1979 2768 2214 2853 quibus
2239 2769 2486 2831 Ucubis
2518 2779 2662 2829 erat

660 2849 959 2923 condita,
1011 2865 1079 2910 et
1102 2852 1402 2934 Pompeii
1438 2852 1616 2915 acies
1646 2849 2034 2914 constiterat.
2125 2853 2194 2911 ln
2229 2869 2310 2913 ea
2345 2850 2618 2935 planitie
2639 2890 2658 2920 ,

638 2929 781 2992 .sed
832 2931 1109 3016 propius
1159 2934 1398 3007 colles,
1464 2933 1740 3018 spatium
1793 2932 2203 3013 interjectum
2253 2933 2692 3015 uliginosum

660 3017 846 3084 emt,⁸
862 3015 1008 3074 rivo
1041 3035 1161 3098 per
1183 3035 1534 3078 coenosum
1559 3031 1626 3077 et
1647 3013 1984 3098 palustrem
2004 3015 2217 3076 locum
2237 3012 2658 3076 decurrente.

660 3099 758 3160 lta
786 3095 872 3168 du
918 3095 1037 3156 lici
1066 3097 1357 3159 locorum
1386 3097 1616 3160 favore
1638 3096 2068 3181 Pompeianos
2102 3095 2419 3158 defensos
2446 3109 2664 3158 tamen

664 3117 939 3261 adgredi
965 3179 1200 3240 Caesar
1229 3175 1439 3242 statuit
1458 3222 1474 3252 ,
1519 3179 1749 3242 tess'era
1779 3182 2006 3240 Veneris
2038 3179 2420 3274 proposita,
2467 3195 2665 3262 quum

539 3317 558 3328 .
664 3259 1055 3344 Pompeius,
1114 3261 1195 3322 ad
1232 3260 1641 3323 excitandum
1679 3261 1885 3344 patris
1917 3280 2335 3335 memor-iam,
2395 3259 2665 3322 Pietatem

670 3343 809 3404 suis
850 3341 1145 3406 dediss'et.
1246 3343 1598 3405 'l'redecim
1633 3343 1984 3426 Pompeius
2021 3341 2321 3423 legiones
2359 3342 2426 3404 in
2464 3351 2666 3426 'proe-

664 3423 830 3486 lium
864 3423 1241 3504 deduxerat,
1286 3427 1578 3508 equitatu
1616 3425 1932 3488 lateribus
1963 3423 2383 3498 circumfuso,
2436 3435 2503 3486 et
2531 3417 2666 3484 levi

644 3499 1024 3579 'armaturam
1072 3527 1185 3569 sex
1216 3507 1490 3569 millium
1523 3527 1827 3579 numero,
1872 3505 2112 3589 quibus
2143 3526 2356 3604 prope
2392 3505 2665 3569 alterum

666 3601 913 3653 tantum
974 3590 1233 3652 acceffit
1289 3591 1365 3650 ab
1423 3589 1844 3651 auxiliaribus
1893 3588 2016 3650 His
2067 3609 2204 3650 ams
2251 3588 2666 3684 Maurisque:

668 3669 847 3734 filios
890 3675 1063 3734 enim
1100 3694 1262 3735 suos
1300 3671 1619 3755 Pompeio
1659 3689 1776 3734 rex
1812 3673 1990 3734 Bocc
2040 3693 2116 3734 us
2167 3670 2413 3731 auxilio
2465 3688 2667 3730 mise·

630 3781 637 3788 ·
667 3769 805 3831 rat3
851 3776 1042 3838 quum
1075 3755 1490 3818 adversarius
1521 3753 1659 3832 ejus
1687 3753 1923 3836 Bogud
1953 3753 2021 3815 in
2096 3750 2397 3815 raesidiis
2431 3755 2668 3814 Caesa-

632 3875 637 3883 ·
668 3838 769 3900 ris
806 3839 987 3901 effet.
1075 3839 1381 3900 Ceterum
1410 3835 1646 3898 auxilia
1675 3835 2025 3923 utrobique
2047 3775 2232 3897 {aad
2259 3853 2496 3920 magno
2523 3831 2672 3894 fue·

736 4029 886 4104 Gap.
912 4029 977 4083 L.
1018 4027 1183 4082 Flor.
1213 4031 1267 4112 4,
1300 4041 1353 4081 ι.
1387 4025 1528 4082 Dio.
1567 4023 1684 4082 Jul.
1721 4021 1942 4108 Obseq.
1981 3991 2118 4079 1530.
2191 4023 2278 4080 Ca
2328 4013 2455 4078 ‚121.
2491 3991 2668 4076 ⁸Auct-

660 4093 844 4233 geiolff.
878 4101 1049 4214 Eup.
1082 4098 1347 4210 ffm’ffmf·
1377 4096 1553 4213 duct.
1587 4093 1663 4155 de
1691 4093 1766 4153 B.
1795 4097 1968 4171 Eup·
2005 4091 2260 4165 Strabo,
2303 4133 2319 4156 .
2343 4109 2426 4165 ²7·
2457 4089 2668 4167 πιθοῦ,
