2892 4684
683 282 805 359 644
873 282 1280 349 anmsu.
1301 249 2133 349 surrnsussuronoit
2153 282 2301 347 Lm.
2320 278 2615 347 xcvm.

331 484 406 541 Ὁ·
437 504 492 544 0·
517 489 644 575 ⁷³²}
677 490 924 553 ditione
967 489 1262 562 Seleuci,
1337 510 1527 573 quem
1562 489 1893 573 praesidio
1928 490 2151 572 regina
2194 474 2647 576 praefecerat,

329 542 496 651 3¹33·
517 558 610 615 3⁰·
673 572 982 667 oppidum
1031 571 1226 653 cepit.
1273 570 1467 632 ·lnde
1512 576 1701 655 quum
1733 568 2177 633 Alexandriam
2212 587 2512 657 peteret,
2566 594 2640 636 e.

370 652 387 671 ⁸
673 664 988 739 quastus,
1032 651 1266 713 itinere
1300 650 1603 735 fatigatus
1625 695 1642 725 ,
1686 651 2025 735 eruptione
2055 654 2280 735 pulsus
2312 652 2399 717 est
2430 657 2641 717 Anto-

670 734 802 809 nii3
851 734 1001 815 qui,
1046 732 1123 793 ad
1157 732 1379 793 famam
1419 732 1673 795 istarum
1700 752 1919 794 rerum
1962 734 2154 794 motis
2188 756 2223 795 a
2247 737 2657 807 Paraetonio

673 814 928 887 cestria,
993 814 1216 875 urbem
1261 813 1633 878 intraverat.
1718 814 1939 895 Ergo,
2000 834 2128 874 uno
2161 814 2286 879 hoc
2321 819 2501 882 iuter
2538 831 2641 880 tot

671 897 944 959 adversa
975 915 1294 980 prospere
1338 895 1669 959 decertato
1721 894 2073 955 certamine
2115 895 2387 969 laetior,
2447 920 2642 981 quam

479 990 518 1029 ἰ’-
670 980 794 1062 pro
831 977 1267 1059 magnitudine
1299 976 1507 1058 gestae
1538 980 1660 1050 rei,
1692 976 2094 1058 Cleopatram
2128 978 2194 1037 in
2232 980 2423 1041 armis
2460 999 2640 1045 eom-

721 1060 938 1132 lexus,
980 1058 1448 1120 commendavit
1494 1059 1557 1121 ei
1598 1057 1930 1141 quemdam
1958 1100 1974 1129 ‚
2038 1058 2150 1139 qui
2198 1082 2355 1145 prae
2390 1062 2641 1123 ceteris

703 1140 1012 1202 ortiss'ime
1046 1139 1160 1199 illo
1199 1138 1305 1200 die
1348 1154 1765 1222 pugnaverat.
1852 1138 1981 1200 Sed
2016 1138 2167 1213 ille,
2230 1141 2402 1205 dono
2445 1142 2638 1205 Cleo-

669 1235 890 1309 patrae
940 1221 1202 1282 loricam
1250 1236 1541 1293 auream,
1586 1234 1653 1283 et
1694 1240 1774 1282 ex
1816 1220 2045 1281 eodem
2084 1224 2341 1285 metallo
2392 1223 2639 1309 galeam

670 1316 894 1364 nactus
924 1344 941 1371 ,
995 1320 1140 1363 cum
1169 1301 1505 1374 his.uocte
1588 1302 1832 1362 roxima
1860 1302 1939 1361 ad
1976 1302 2313 1365 Caesarem
2356 1304 2639 1367 transsu-

315 1386 789 1467 eaesarm..git.
877 1386 1112 1447 Contra
1168 1384 1302 1443 suis
1341 1382 1504 1444 adeo
1536 1324 1775 1445 fidebat
1802 1384 2038 1444 Caesar
2067 1424 2086 1455 ,
2152 1399 2221 1446 ut
2270 1386 2531 1447 libellos
2568 1386 2637 1445 iu

298 1464 582 1545 rumfldet
673 1464 868 1527 castra
925 1463 1290 1543 conjectos,
1362 1462 1597 1547 quibus
1661 1463 1741 1525 ad
1787 1484 1857 1524 se
1903 1464 2274 1525 transituris
2332 1465 2643 1528 denarios

293 1532 488 1586 “⁸⁶⁸⁶
673 1548 850 1607 mille
885 1545 1272 1627 quingentos
1319 1546 1562 1607 viritim
1606 1545 1926 1607 Antonius
1968 1544 2432 1626 pollicebatur,
2493 1548 2641 1631 ipse

669 1626 1048 1689 recitaverit
1090 1625 1330 1707 palam;
1376 1638 1483 1699 et,
1527 1628 1804 1709 tempori
1846 1628 2266 1707 congruentia
2305 1630 2369 1689 lo
2420 1642 2663 1702 uutus,
2713 1669 2721 1678 -

669 1709 862 1768 etiam
905 1707 1346 1790 promptiores
1408 1708 1487 1767 ab
1532 1707 1629 1767 ira
1681 1707 2061 1768 sollicitatae
2104 1706 2261 1769 fidei
2313 1709 2395 1770 ha
2442 1710 2636 1773 uerit.
2666 1718 2682 1730 ‘

668 1790 954 1871 Ideoque
997 1788 1316 1848 Antonius
1341 1830 1358 1859 ,
1414 1785 1549 1883 post
1600 1808 1741 1849 uam
1774 1787 1985 1849 omnia
2026 1790 2299 1851 tentanti
2336 1792 2497 1853 nibil
2544 1812 2644 1852 sa-

667 1871 754 1930 tis
789 1868 1181 1952 procedebat
1203 1910 1221 1942 ,
1265 1868 1344 1929 ad
1379 1890 1568 1953 singu
1598 1888 1709 1929 are
1750 1882 2073 1931 certamen
2110 1871 2450 1934 Caesarem
2484 1884 2640 1955 pr'o-

667 1951 946 2011 vocavit.
1031 1949 1182 2021 Ille,
1253 1949 1565 2011 deridens
1594 1946 1959 2023 hominem,
2018 1952 2247 2013 multas
2293 1968 2519 2038 patere
2558 1952 2641 2015 ad

671 2032 934 2093 exitium
976 2031 1114 2091 vias
1158 2031 1473 2093 morituro
1507 2030 1868 2115 respoudit.

363 2153 636 2230 Apronius
791 2126 989 2191 XLV.
1058 2127 1190 2189 Sub
1235 2126 1396 2191 haec
1443 2142 1735 2212 tempora
1786 2146 2047 2211 semper
2090 2128 2483 2193 obversante
2530 2148 2643 2192 eo-

299 2220 632 2303 dufnrme's
674 2210 988 2351 {statione
1029 2222 1499 2303 extremorum,
1560 2208 1813 2294 pridie,
1874 2228 2059 2293 quam
2115 2223 2289 2277 terra
2346 2211 2643 2293 marique

297 2300 534 2358 cognat-
707 2290 1014 2350 ‘aesareln
1049 2288 1294 2351 adoriri
1331 2287 1655 2362 statuerat,
1703 2310 1899 2385 super
1932 2310 2197 2352 coenam
2228 2290 2457 2371 juss'iss'e
2499 2311 2643 2352 ser-

677 2390 796 2433 vos
835 2370 1064 2441 fertur,
1133 2369 1482 2431 invitarent
1532 2391 1603 2432 se
1645 2371 1957 2445 hilarium
2016 2382 2416 2449 perincertum
2461 2381 2637 2436 enirn

674 2468 838 2515 esse,
877 2456 1160 2505 utrumne
1192 2450 1497 2522 postridie
1542 2450 1736 2508 eidem
1776 2451 2027 2508 domino
2056 2452 2177 2506 sint
2202 2448 2631 2505 ministraturi.

676 2520 922 2581 Eadem
969 2532 1185 2589 noete,
1243 2521 1419 2580 inter
1460 2519 1835 2581 moestitiam
1888 2537 2349 2600 suspensorum
2396 2528 2471 2576 et
2508 2515 2634 2575 tri-

673 2599 924 2662 stiffima
975 2618 1058 2682 op
1111 2599 1452 2661 erientium
1478 2642 1495 2672 ‚
1542 2600 1758 2661 subito
1790 2614 2013 2663 cantus
2056 2598 2481 2680 strepitusque
2515 2612 2643 2677 per

673 2680 948 2742 mediam
978 2702 1056 2741 ur
1106 2700 1207 2741 em
1249 2680 1693 2743 bacchantium
1730 2679 1983 2743 auditus
2009 2722 2025 2751 ‚
2088 2678 2327 2741 deinde
2360 2696 2484 2761 per
2510 2678 2641 2736 ·ob-

672 2781 926 2823 >versam
972 2759 1135 2822 hosti
1182 2776 1434 2844 portam
1478 2781 1708 2845 magno
1752 2763 2025 2823 tumultu
2060 2760 2467 2829 exeuntium,
2532 2776 2646 2817 cu-

676 2842 878 2904 riosis
923 2843 1140 2903 talium
1176 2842 1657 2917 conjectoribus
1688 2843 2011 2925 persuasit
2042 2840 2363 2903 excedere
2393 2840 2599 2899 Deum
2621 2878 2642 2909 ,

682 2936 750 2985 et
789 2922 864 2984 ad
912 2920 1142 2983 hostes·
1183 2924 1504 2998 transire,
1570 2942 1789 3007 quem.
1824 2943 1981 3019 prae
2038 2921 2279 2984 ceteris
2322 2920 2647 2981 Antonius

679 3004 854 3069 vitae
884 3003 1270 3087 habitusque
1320 3004 1637 3068 adfectata
1670 3004 2093 3068 similitudine
2126 3001 2447 3064 coluiss'et.

378 3074 550 3173 1νοῖἰῖ
571 3138 625 3173 se
799 3108 1026 3174 XLV1.
1087 3110 1306 3170 Prima
1378 3107 1614 3171 deinde
1667 3108 1813 3171 luce
1868 3106 2175 3171 Kalendis
2244 3104 2644 3172 Sextilibus,

217 3228 225 3235 ·
307 3186 565 3241 ‘¹⁶⁸5‘ss
594 3204 632 3241 ⁰
685 3211 915 3274 quum,
963 3190 1213 3251 eductis
1245 3191 1310 3249 in
1349 3190 1579 3251 collem
1617 3188 1953 3274 quemdam
1986 3190 2222 3272 copii's,
2260 3206 2459 3249 naves
2496 3186 2655 3245 suas'

311 3256 621 3329 0¹⁶⁸l⁸‘'⁰·
681 3270 1018 3334 hostilibus
1057 3270 1306 3332 obviam
1349 3272 1715 3353 procedere
1758 3272 2048 3342 vidiss'et,
2108 3269 2430 3366 proelium
2456 3267 2649 3328 ,futu-

680 3372 824 3413 rum
865 3350 1258 3426 e'xistimans,
1323 3353 1655 3435 spectandi
1703 3354 1904 3415 cauffa
1944 3348 2241 3413 substitit.
2325 3352 2410 3409 At
2452 3348 2645 3415 illae.

679 3431 818 3517 post
865 3452 1003 3493 uam
1047 3432 1453 3495 Caesarianis
1484 3434 2118 3517 adpropinquarunt,
2185 3429 2533 3492 salutantes
2571 3444 2649 3487 ae

681 3452 1062 3575 resaffutatae
1096 3514 1228 3575 illis
1271 3534 1342 3575 se
1370 3514 1835 3593 conjunxerunt
1856 3556 1873 3585 ,
1921 3512 2390 3593 conversisque
2424 3508 2649 3592 proris

665 3594 980 3677 'protinus
1015 3614 1132 3654 una
1185 3596 1349 3656 facta
1385 3594 1591 3655 class'is
1636 3593 1943 3678 oppidum
1992 3591 2213 3655 infesta
2244 3604 2471 3676 petere
2510 3589 2649 3649 visa

681 3673 789 3737 est.
873 3676 1039 3734 Dum
1076 3675 1142 3735 in
1184 3677 1288 3737 his
1328 3677 1550 3738 oculos
1582 3677 1856 3736 animum
1910 3694 1989 3736 ue
2024 3672 2231 3735 defixa
2266 3672 2491 3741 habet,
2540 3688 2652 3730 ec-

683 3775 760 3817 ee
805 3768 1013 3817 autem
1063 3770 1128 3817 et
1155 3758 1408 3839 equites
1460 3756 1537 3817 ab
1579 3776 1658 3820 eo
1690 3698 2191 3837 transgugerant.
2276 3754 2652 3833 properans

679 3836 898 3930 igitur·
943 3834 1342 3921 confligere,
1395 3837 1607 3899 donee
1658 3836 1901 3920 aliquid
1944 3836 2217 3896 militum
2266 3831 2653 3917 supereffet,

679 3915 790 3976 luc
832 3917 1022 3977 etiam
1076 3918 1457 3980 adversante
1496 3917 1787 3992 fortuna,
1850 3936 1923 3979 se
1970 3915 2222 3998 recepit
2252 3915 2318 3975 in
2368 3914 2651 4009 urbem,

679 4072 1134 4197 Plfftapi'lxffilv.
1189 4072 1344 4128 mut.
1381 4072 1522 4129 Dio.
1558 4072 1716 4129 Plut.
1782 4073 1933 4163 Cap.
1960 4072 2167 4131 xbvl.
2206 4072 2382 4127 Oros.
2419 4066 2666 4136 Dio,'et

965 4310 996 4343 l
