2892 4684
516 249 602 310 IN
647 243 948 308 Locum
991 245 1156 306 LIB.
1187 243 1533 309 cxxxvt.
1578 241 1805 309 mvn.
2032 250 2153 324 747

201 467 368 528 rent,
411 473 550 517 rem
587 475 878 540 opusque
905 473 1033 516 non
1063 450 1473 534 praestarent,
1519 454 1803 519 minores
1842 455 2147 518 decenni·

199 535 322 597 bus
365 537 611 618 puellas
673 534 1072 618 desponderi
1116 535 1352 611 vetuit3
1413 555 1542 618 quo
1596 537 1761 598 intra
1817 537 2147 600 biennium

205 620 398 699 (quae
439 617 720 700 legitima
762 615 1048 678 nubendi
1084 615 1186 676 his
1225 617 1434 694 aetas)
1473 615 1883 680 ducerentur.
1969 619 2147 678 Haec

203 699 412 760 omnia
433 699 576 780 lege
608 697 776 760 Julia
799 698 880 760 de
902 695 1270 759 maritandis
1299 696 1635 760 ordinibus
1665 699 2149 782 comprehensa.

339 805 558 868 XLIII.
616 804 916 865 Proxima
961 800 1272 864 frumenti
1325 804 1568 886 populo
1615 805 1949 869 dividundi
1998 824 2150 867 cura

2206 443 2277 568 ¹1³⁰
2301 459 2363 567 ὃ.
2392 442 2512 566 Ζὲά.

2223 809 2473 864 frumen.

197 882 358 957 fuit,
401 883 874 982 institutumque
896 927 913 956 ,
959 897 1030 944 ut
1069 881 1465 979 magi-stratus
1502 888 1903 947 nominarent
1933 886 2149 968 singu·
2175 891 2279 932 ’ΒΜ
2309 875 2503 948 P⁰r¹⁸¹⁰

192 962 331 1037 los,
377 967 488 1049 qui
529 979 673 1028 aute
710 967 1057 1026 triennium
1095 966 1424 1025 minimum
1458 981 1755 1050 praetura
1802 969 2005 1028 functi
2046 986 2151 1028 es-

201 1059 366 1117 sent,
413 1059 480 1108 et
517 1067 596 1109 ex
627 1067 708 1109 eo
726 1065 994 1109 numero
1033 1059 1210 1108 sorte
1232 1045 1363 1108 deli
1413 1061 1678 1109 erentur
1710 1062 2000 1132 quatuor,
2030 1068 2155 1131 per

193 1147 360 1209 quos
387 1127 772 1190 frumentum
840 1128 971 1190 lebi
995 1129 1280 1205 daretur3
1323 1148 1355 1187 a
1405 1127 1558 1189 ditis
1588 1129 1757 1191 binis
1788 1129 2151 1203 lictoribus,

201 1229 672 1295 servorumque
712 1232 798 1294 pu
845 1211 1152 1280 licorum,
1219 1221 1284 1270 et
1329 1209 1684 1271 acribarum
1734 1231 1805 1272 ae
1850 1210 2154 1270 librario-

190 1311 380 1364 rum,
435 1291 986 1376 adcensorumque
1025 1304 1090 1353 et
1128 1309 1517 1374 praeconum
1551 1287 1937 1354 ministeriis.
2022 1293 2157 1352 Per

195 1371 322 1432 hos
357 1391 550 1456 saepe
594 1372 946 1446 leviffimo,
989 1370 1313 1434 interdum
1348 1371 1526 1435 nullo
1560 1374 1796 1456 pretio,
1842 1370 2155 1434 menstrua

197 1451 397 1514 fiebat
423 1455 872 1527 frumentatio,
933 1468 1004 1516 ut
1044 1454 1108 1515 in
1159 1453 1382 1515 orbem
1426 1453 1506 1516 ad
1551 1475 1771 1516 omnes
1809 1455 1967 1515 haec
2002 1473 2154 1524 cura

200 1534 470 1599 rediret.
551 1541 704 1598 Nam
741 1533 1091 1618 Augustus,
1159 1551 1349 1617 quum
1387 1549 1489 1598 ter
1522 1536 1587 1596 in
1628 1557 1856 1596 annum
1896 1548 2153 1618 quater-

201 1636 354 1675 num
383 1617 696 1677 mensium
729 1619 988 1679 tell'eras
1029 1616 1182 1677 dare
1223 1614 1671 1690 eonstituiss'et,
1728 1637 1813 1678 ne
1845 1615 2152 1699 frequen-

201 1696 332 1758 tius
383 1720 415 1757 a
457 1700 736 1781 negotiis
781 1697 1077 1761 homines
1126 1713 1585 1773 avocarentur,
1643 1699 1819 1783 plebi
1867 1712 2152 1761 veterem

201 1780 730 1842 consuetudinem
771 1779 1166 1843 desideranti
1205 1781 1492 1842 eefferat.

325 1907 549 1976 XLIV.
595 1911 736 1972 Alia
773 1931 1030 1996 quoque
1079 1908 1198 1975 sub
1243 1909 1310 1973 id
1343 1924 1595 1995 tempus
1638 1907 2012 1993 constituta3
2046 1927 2155 1972 ‘ne

199 1991 349 2074 plus
382 2013 508 2053 uno
547 1992 850 2054 feriarum
883 1994 1253 2056 Latinarum
1289 1994 1493 2056 eauffa
1528 1992 1865 2076 quotannis
1946 1991 2155 2054 raese-

199 2087 344 2133 ctus
379 2073 558 2136 urbis
599 2071 822 2136 fieret:
870 2074 1168 2154 Sibyllini
1212 2074 1404 2148 libri,
1445 2071 1749 2136 vetustate
1784 2093 1904 2134 exo
1934 2092 2163 2134 escen-

2170 947 2425 1001 dlvi-mnu.

133 2173 138 2178 ·
199 2168 328 2226 tes,
375 2155 450 2214 ab
487 2154 928 2217 sacerdotibus
961 2155 1511 2226 describerentur,
1558 2177 1639 2217 ne
1670 2155 1815 2238 quis
1844 2154 2005 2215 alius
2044 2173 2159 2216 eos
2204 2197 2215 2204 -

203 2235 582 2317 inspiceret.
669 2239 973 2304 Honores
1018 2250 1246 2318 petere
1303 2235 1600 2320 permisit
1652 2235 1987 2306 omnibus,
2048 2235 2159 2318 qui

2223 2239 2421 2290 Census
2448 2253 2517 2290 u.

201 2315 462 2398 legibus
504 2337 631 2378 non
683 2317 1220 2400 prohiberentur,
1284 2317 1598 2380 haberent
1648 2337 1725 2376 ue
1768 2317 2161 2376 senatorium
2183 2309 2449 2360 statorias.

202 2417 501 2469 censum,
549 2419 734 2480 quem
780 2400 961 2481 prius
1009 2397 1498 2482 quadringentis
1536 2419 1605 2460 se
1632 2398 1844 2459 tertiis
1888 2395 2159 2457 definie-

200 2493 338 2550 rat,
399 2479 633 2541 deinde
686 2479 857 2541 auxit
905 2479 984 2539 ad
1041 2476 1394 2541 sestertium
1447 2480 1709 2541 decies:
1776 2493 1841 2540 et
1886 2490 2165 2560 utroque

201 2573 498 2640 tempore
583 2561 928 2644 auperibus
955 2603 970 2634 ‚
1015 2558 1130 2621 sed
1168 2561 1446 2622 honestis
1480 2563 1677 2632 viris,
1723 2559 1891 2640 quod
1934 2579 2013 2620 eo
2044 2558 2164 2618 mi-

203 2661 326 2699 nus
365 2639 527 2700 habe
577 2657 718 2712 ant,
777 2641 946 2704 dono
984 2640 1182 2702 dedit.
1267 2643 1689 2703 Praetoribus
1729 2640 2036 2712 indulsit,
2095 2653 2167 2702 ut

205 2721 276 2781 in
323 2720 509 2781 ludos
551 2723 812 2804 triplum
853 2721 1027 2800 ejus,
1091 2721 1264 2804 quod
1303 2745 1336 2784 a
1377 2725 1639 2808 publico
1693 2721 2159 2808 praebebatur,

207 2801 534 2862 insumere
567 2804 795 2864 liceret
829 2803 1216 2865 volentibus.
1281 2805 1402 2865 His
1434 2824 1506 2865 ac
1543 2803 1859 2864 similibus
1896 2801 2163 2883 gratiam

207 2882 374 2964 apud
417 2883 535 2944 hos
567 2885 756 2945 etiam
787 2883 954 2956 iniit,
999 2903 1161 2966 quos
1201 2887 1489 2964 priorum
1529 2885 1775 2966 aliquot
1814 2884 2023 2962 legum
2062 2903 2163 2942 se-

203 2965 446 3024 veritas
494 2965 828 3028 alienabat.
913 2967 984 3024 ln
1023 2965 1379 3046 provinciis
1423 2985 1678 3049 quoque
1729 2985 1837 3024 res
1880 2961 2167 3036 feliciter

204 3045 683 3128 procedebant3
732 3062 795 3109 et
831 3046 1226 3119 Germanos,
1271 3047 1531 3108 Melone
1579 3044 1853 3128 quodam
1893 3043 2055 3105 duce
2100 3043 2167 3103 in

207 3147 378 3186 arma
413 3145 640 3188 versos
667 3170 683 3201 ,
727 3129 814 3190 M.
847 3127 1095 3189 Lollius
1145 3129 1471 3211 superall'e
1511 3127 1953 3187 nunciabatur.
2037 3128 2168 3186 Ne-

209 3227 338 3290 que
373 3209 622 3270 minore
645 3211 926 3271 omnium
960 3207 1202 3270 laetitia
1233 3222 1569 3292 exceptum
1595 3250 1611 3280 ‚
1657 3207 1828 3291 quod
1864 3203 2170 3286 Pyladem

205 3289 662 3370 pantomimum
704 3289 1068 3364 revocavit3
1115 3308 1339 3385 quem,
1385 3309 1507 3372 pro
1556 3303 1659 3350 ter
1698 3300 2167 3371 spectatorem,

212 3389 248 3429 a
287 3389 414 3452 quo
463 3372 958 3442 exsibilabatur,
1021 3369 1229 3452 digito
1276 3370 1507 3434 demon
1566 3383 1767 3430 ratum
1806 3367 2172 3432 fautoribus

213 3453 386 3521 suis,
431 3451 592 3514 urbe
629 3469 817 3536 atque
861 3449 1038 3515 Italia
1071 3451 1501 3515 submoverat.
1588 3456 1801 3532 Atque
1841 3449 1952 3509 ille
1990 3446 2171 3509 casti-

213 3532 387 3610 ganti
427 3551 571 3594 eum
607 3535 896 3610 0885814,
939 3547 1132 3620 quod,
1172 3569 1304 3606 eum
1337 3543 1627 3620 Bathyllo
1660 3545 2047 3604 Il‘Iaecenatz's
2066 3541 2183 3618 sm,

211 3627 449 3688 miliari
485 3633 878 3702 contendens,
915 3639 1247 3701 seditiones
1271 3642 1457 3717 vialgo
1484 3642 1857 3706 concitaret,
1898 3635 2170 3720 profun-

212 3711 419 3776 dioris
455 3716 833 3798 prudentiae
867 3717 1076 3794 dicto,
1139 3743 1323 3806 quam
1359 3724 1435 3783 ab
1476 3723 1601 3784 hoc
1646 3732 2167 3803 exspectaretur,

283 3931 429 4004 Cap.
460 3931 665 3985 XLIII.
735 3931 980 3988 sueton.
1022 3931 1171 4004 Aug.
1201 3933 1287 3990 37.
1324 3931 1464 4006 Dio.
1505 3931 1702 4000 Infra,
1757 3933 1873 3998 137,
1908 3949 1989 3986 ια.
2030 3930 2173 3984 Sue·

213 4007 338 4051 ton.
405 3998 554 4070 Aug.
593 4007 680 4060 lto.
729 4011 787 4054 et
823 4005 912 4068 ξι.
1002 4002 1143 4070 Cap.
1177 4002 1373 4054 XLIVJ.
1427 4001 1566 4056 Dio.
1622 4001 1867 4057 Sueten.
1903 4001 2049 4068 Aug.
2088 4009 2174 4050 Ao.

211 4067 349 4122 Dio.
399 4067 645 4122 Sueton.
695 4068 837 4136 Aug.
879 4073 962 4130 it·
1017 4069 1154 4122 Dio.
1205 4069 1459 4130 Strabo,
1510 4071 1549 4122 l.
1587 4089 1639 4137 7.
1688 4089 1750 4144 p.
1789 4087 1909 4140 29¹·
1958 4066 2173 4121 Euseb-

215 4134 436 4192 Chron.
474 4137 634 4192 Flor.
666 4139 913 4196 Sueton-
950 4138 1098 4213 Aug.
1129 4139 1222 4206 45.
1261 4137 1398 4194 Dio.
