2892 4684
602 283 691 377 m
729 312 1031 378 Locum
1068 310 1233 373 Lm.
1280 310 1569 377 cxx1v.
1613 286 1846 381 121v11.
2095 312 2208 382 43.

349 522 468 600 lV,
524 522 707 585 Haec
746 524 823 583 ab
860 523 1236 589 hominibus
1281 526 1496 587 habita
1543 536 1689 587 sunt
1725 520 2064 584 evertendi
2107 519 2219 585 sta·
2281 523 2347 579 U.
2379 541 2429 576 c.
2459 534 2584 589 710'.

226 618 333 667 tus
370 606 707 687 popularis
750 606 1022 668 indicia:
1070 630 1235 691 quae
1270 607 1534 677 referri,
1582 626 1766 689 quam
1807 608 2218 689 praetermit-
2278 598 2350 647 A·
2381 593 2448 645 C·
2479 598 2568 657 4²·

228 684 284 765 ti
328 686 579 759 tradita,
628 688 829 747 satius
863 703 1043 770 pute.
1106 711 1191 751 ne
1228 692 1399 753 enim
1440 688 1520 749 ad
1556 708 1777 749 vanam
1821 686 2218 769 superstitio-
2282 668 2396 716 ω’
2427 666 2552 715 hae.-

228 787 383 828 nem
423 771 669 830 animos
712 770 1021 841 illiciant,
1082 792 1213 834 non
1253 772 1554 842 silentio,
1613 770 1728 830 sed
1766 788 2223 829 commemora-
2251 802 2604 870 prodiginu-

231 850 451 923 tione‚
504 851 723 933 potius
765 852 1096 927 obtineas,
1156 854 1387 925 modo,
1448 851 1602 936 quid
1642 853 1740 913 eis
1781 851 1862 911 de
1899 850 2095 912 rebus
2132 862 2532 936 te-'sermmsr-

234 934 383 993 neri
422 934 667 993 rectius
712 932 830 1007 sit,
891 933 1271 998 ostenderis.
1372 940 1509 998 Nec
1560 937 1730 995 enim
1781 932 2092 1005 tacendo,
2157 947 2228 994 ut

238 1014 351 1073 alii
399 1031 655 1097 quoque
704 1014 1183 1101 obmutescant,
1246 1014 1588 1079 effeceris:
1657 1029 1723 1077 et
1757 1010 2026 1097 praestat
2063 1014 2227 1075 haec

235 1096 317 1153 ab
354 1095 453 1158 his
490 1096 779 1167 narrari,
828 1099 939 1180 qui
982 1100 1216 1161 talibus
1252 1122 1385 1161 non
1424 1100 1572 1181 plus
1605 1095 1766 1177 justo
1804 1094 2094 1157 tribuere
2125 1097 2223 1157 di-

234 1175 562 1239 dicerunt.
648 1183 805 1240 Nam
858 1193 922 1241 et
974 1182 1069 1242 sic
1124 1194 1375 1243 narrata
1431 1201 1576 1241 cum
1625 1178 1919 1239 remedio
1963 1178 2226 1240 innoxia

233 1259 485 1319 intrant
528 1259 808 1331 animos,
858 1274 924 1322 et
966 1265 1227 1347 saepius
1266 1265 1494 1335 lecta,·
1529 1262 1586 1322 si
1625 1260 1800 1321 forte
1843 1260 2080 1320 iterum
2126 1261 2226 1319 in-

235 1340 561 1413 ciderint,
625 1343 762 1423 ipsa
798 1346 1269 1406 consuetudine
1309 1346 1520 1405 levius
1561 1344 1891 1403 timentur.
1983 1341 2115 1403 Sed
2159 1342 2230 1403 in

238 1424 541 1484 Caesaris
580 1421 795 1485 castris
837 1427 1125 1507 auspicia
1163 1443 1435 1510 extaque
1478 1428 1639 1485 laeta
1681 1436 1898 1493 erant,
1930 1436 1939 1443 ·
1967 1424 2230 1507 ipsique

238 1526 367 1588 per
415 1506 695 1587 quietem
739 1508 978 1568 Caesar
1022 1523 1207 1591 pater
1258 1506 1642 1592 praedixiss'e
1689 1523 2072 1589 prosperam
2111 1528 2232 1587 pu-

238 1606 429 1681 gnam
469 1586 712 1660 fertur,
762 1588 1121 1663 admonito,
1168 1606 1237 1652 ut
1276 1591 1358 1651 ali
1408 1610 1550 1650 uam
1585 1608 1721 1649 rem
1751 1586 2120 1649 adsumeret
2151 1606 2232 1647 ex

240 1669 366 1739 1is,
418 1690 571 1751 quas
612 1668 889 1730 dictator
927 1672 1069 1753 ipse
1104 1670 1339 1754 gestavi
1399 1684 1483 1733 et.
1578 1670 1784 1751 Igitur
1821 1668 2125 1729 annulum
2162 1688 2232 1728 e-

188 1744 193 1775 *
238 1748 344 1830 jus
381 1750 593 1811 induit
638 1748 870 1822 statim,
923 1738 1389 1837 eoque‘possea
1434 1772 1692 1835 quoque
1731 1750 2117 1845 frequenter
2145 1747 2236 1810 est

242 1852 423 1891 usuS.
470 1882 485 1905 ,
512 1830 645 1895 Sed
697 1848 762 1893 et
811 1834 1101 1897 medicus
1148 1836 1288 1913 ejus
1330 1832 1636 1895 Artorius
1681 1834 2064 1915 imaginatus
2106 1829 2231 1903 est,

242 1934 281 1973 a
306 1915 597 1975 Minerva
637 1914 763 1974 sibi
802 1917 1127 1999 praecipi,
1175 1931 1243 1978 ut
1273 1919 1650 1988 Caesarem,
1695 1916 1852 1977 licet
1883 1912 2236 1976 invalidum

242 1993 487 2067 adhuc,
535 1996 849 2059 educeret
881 1997 1135 2071 castris,
1194 2012 1261 2059 et
1296 2000 1364 2058 in
1404 1998 1544 2059 acie
1581 1998 1960 2090 collocaret,
2031 2014 2237 2077 eaque

241 2097 391 2150 reS,
436 2098 568 2137 non
612 2096 829 2161 spreta
872 2080 949 2139 ab
986 2080 1446 2153 adolescente,
1495 2077 1846 2143 salubriter
1891 2096 1956 2139 et
2000 2076 2236 2148 cessit,

243 2173 318 2220 ut
356 2158 572 2242 postea
612 2161 1131 2223 memorabimus.

376 2265 454 2328 V.
500 2268 755 2326 Interea
792 2266 1072 2340 camus,
1136 2280 1395 2329 terrore
1438 2265 1894 2350 prodigiorum
1941 2260 2234 2325 nonnihil
2273 2276 2612 2347 'Brutus-pu.

247 2344 541 2427 dejectos
572 2348 845 2408 militum
873 2350 1123 2411 animos
1154 2368 1431 2411 cernens
1452 2390 1469 2419 ,
1518 2350 1720 2430 magis
1754 2348 2088 2430 magisque
2121 2344 2236 2405 ‹lu-
2261 2348 2528 2415 gnandum

250 2428 441 2489 cendi
483 2428 639 2489 belli
676 2443 901 2491 auctor
937 2430 1261 2493 existebat.
1360 2432 1650 2500 Contra,
1699 2430 1810 2513 qui
1858 2430 2026 2511 apud
2067 2432 2232 2489 Bru·
2260 2426 2461 2495 cens-ee,
2497 2428 2548 2465 “

246 2520 384 2571 tum
425 2524 643 2583 erant,
708 2511 960 2573 levibus
1009 2500 1295 2596 e'q'uitum
1338 2511 1650 2595 proeliis,
1711 2532 1874 2594 quae
1915 2528 2234 2595 prospere
2264 2486 2598 2604 praui-:2:⁸-

251 2592 605 2663 cess'erant‚
654 2593 841 2663 elati,
888 2594 1015 2655 nisi
1055 2596 1186 2655 cito
1225 2592 1307 2653 de
1346 2613 1587 2653 summa
1629 2614 1852 2655 rerum
1893 2569 2605 2673 dimicat·e-·,},m³2·'255;}‚

253 2683 385 2744 tur,
429 2674 618 2733 alium
661 2674 789 2734 alio
822 2675 1111 2737 abituros
1146 2674 1623 2736 minitabantur.
1708 2677 1872 2735 Pars
1913 2676 2084 2736 euim
2121 2672 2239 2733 ho-

252 2774 397 2814 rum
441 2756 637 2816 multo
678 2754 938 2817 minima
976 2758 1116 2819 Itali
1160 2770 1378 2817 erant:
1441 2755 1649 2817 ceteri
1691 2754 1919 2817 domos
1961 2756 2240 2838 quisque

256 2856 442 2907 suas,
510 2858 665 2919 quas
721 2838 787 2897 iu
843 2840 1087 2920 pacatis
1138 2838 1344 2899 adhuc
1396 2836 1756 2920 provinciis
1801 2839 2236 2920 reliquerant,

247 2918 715 3002 respiciebant.
799 2922 957 2981 Erat
1008 2935 1074 2982 et
1129 2921 1275 3004 ipse
1318 2924 1561 2980 Brutus
1617 2918 1696 2979 ad
1745 2918 2241 3002 periclitandam

248 2996 579 3060 fortunam
634 3002 1062 3085 propensior,
1125 3022 1254 3085 quo
1299 3002 1676 3063 maturrime
1717 3003 1825 3062 vel
1871 2998 2244 3062 restitueret

250 3081 739 3163 rempublicam,
781 3084 887 3146 vel
924 3084 1147 3146 orbem
1184 3099 1502 3148 terrarum
1539 3080 1844 3143 molestiis
1877 3096 2068 3165 atque
2101 3081 2242 3141 bel·
2301 3088 2312 3097 ”

190 3184 206 3204 ·
250 3162 335 3245 lis
388 3165 655 3225 levaret.
756 3164 1181 3228 Adcess'erunt
1240 3163 1598 3245 transfugia
1651 3166 2108 3225 nonnullorum
2161 3161 2244 3223 ad

248 3242 461 3307 hostes
484 3286 502 3319 ,
565 3259 631 3308 et
662 3246 815 3307 hinc
844 3250 1045 3310 etiam
1084 3248 1164 3308 de
1202 3248 1346 3307 aliis
1382 3245 1794 3326 suspiciones
1831 3259 1896 3308 et
1932 3246 2240 3307 crimina&

251 3327 491 3409 quibus
533 3328 687 3387 moti
730 3328 796 3387 in
842 3331 1118 3391 consilio
1162 3328 1344 3389 multi
1383 3328 1734 3387 amicorum
1773 3326 2000 3399 cami,
2061 3326 2238 3387 dam-

248 3422 401 3469 nata
450 3410 897 3481 cunctatione,
961 3412 1149 3471 Bruti
1201 3408 1548 3471 consilium
1594 3411 2064 3490 praetulerunt.
2152 3412 2239 3469 At

248 3489 421 3633 unu?
471 3509 549 3551 ex
594 3490 867 3552 cohorte
903 3492 1091 3552 Bruti
1132 3491 1369 3553 Atilius
1416 3488 1699 3551 hiemem
1745 3489 2243 3573 exspectandam

251 3590 375 3632 cen
417 3570 589 3633 chatz
654 3573 1052 3658 causs'amque
1089 3588 1351 3656 rogatus
1377 3616 1393 3645 ,
1441 3578 1498 3631 δι’
1535 3571 1708 3643 nimi,
1753 3570 2004 3656 inquit,
2049 3571 2238 3643 aliud,

250 3672 413 3713 tanto
456 3657 637 3713 vivam
688 3655 919 3715 diutius.
1009 3660 1099 3716 Ea
1153 3675 1275 3716 vox
1328 3651 1606 3714 mirifice
1656 3652 1990 3737 displicuit
2035 3650 2242 3715 Cass'io

251 3737 666 3817 ceterisquee
714 3734 1189 3820 decursumque
1228 3756 1308 3797 eo
1344 3733 1467 3805 est,
1515 3750 1584 3797 ut
1617 3732 1938 3819 posterum
1972 3734 2040 3794 in
2070 3732 2244 3795 diem

248 3838 469 3901 pugna
526 3814 922 3879 ediceretur.
1022 3822 1179 3881 Eam
1225 3816 1419 3879 alacri
1456 3820 1697 3879 Brutus
1739 3818 1985 3891 animo,
2043 3816 2241 3877 multa

326 4003 473 4073 Gap.
506 4005 609 4059 lv.
646 4003 810 4058 Flor.
841 4008 894 4071 4,
923 4024 979 4067 7·
1017 4004 1151 4060 Dio.
1206 4004 1453 4061 Sueton.
1490 4001 1641 4074 Aug.
1670 4005 1762 4071 06.
1811 3994 1964 4057 Dios
1993 4000 2148 4057 Vell.
2183 4018 2238 4069 α,

250 4090 344 4141 7⁰·
385 4073 551 4126 Flor.
592 4071 725 4127 Dio.
766 4074 941 4127 Oros.
976 4078 1027 4139 6,
1072 4075 1147 4131 18.
1197 4074 1454 4197 Asspk'n'
1495 4093 1553 4144 p.
1575 4074 1699 4129 053.
1774 4072 1919 4141 Cap.
1955 4072 2030 4127 V.
2080 4068 2238 4125 Plin.

248 4141 721 4266 Bid?⁰P?iiltfft⁰¹i⁹
754 4140 905 4215 Aug.
926 4160 1016 4214 91.
1053 4142 1205 4251 Plut.
1298 4153 1458 4213 ruto,
1489 4152 1546 4199 et
1565 4142 1786 4197 Anton.
1831 4140 1987 4197 mut.
2023 4142 2236 4195 Bruto.

2252 746 2363 786 um
2399 733 2573 783 multa
2667 752 2680 769 =
