2892 4684
672 257 757 336 οι,
850 252 1257 319 rnsstmsn.
1284 235 2126 318 surrnmnronuu
2143 249 2608 318 1.m.1.xxv1.

330 463 405 522 U.
440 482 495 516 c·
522 465 646 531 ⁰7⁰4·
676 478 841 535 tem,
886 459 1141 532 strenue
1187 459 1614 542 insequutus,
1655 457 1984 544 postquam
2011 459 2288 546 adipisci
2327 463 2503 545 poss'e
2541 463 2661 526 de-

324 535 399 596 Α·
436 533 505 590 G·
532 531 629 603 43·-
676 545 1003 628 speravit,
1060 541 1138 604 ad
1168 541 1546 625 Scipionem
1585 544 1950 630 properare
1979 543 2234 640 coepit,
2289 547 2353 606 ei
2393 545 2656 620 timens,

673 645 757 690 ne
789 625 877 708 ,ad
903 627 1179 697 Caesare
1218 624 1727 708 opprimeretur.
1809 623 1989 690 Haec
2025 643 2200 687 enim
2235 623 2448 688 ferme
2487 647 2660 690 sum-

668 729 773 770 ma
822 706 1083 770 consilii
1132 706 1431 789 utrisque
1477 719 1655 778 erat,
1715 717 1787 766 ut
1823 707 2098 780 Caesar,
2167 709 2223 770 si
2265 724 2659 791 sequeretur

666 788 1055 872 Pompeius,
1117 785 1541 872 aequioribus
1577 785 1746 848 locis
1783 787 2028 850 bellum
2063 786 2356 872 gesturus
2394 790 2662 853 videre-

666 884 817 949 tur;
878 871 979 932 sin
1016 889 1179 932 vero
1209 867 1686 931 transmitteret
1720 867 1788 942 in
1827 869 2106 942 ltaliam,
2151 870 2384 934 eodem
2418 893 2541 956 per
2575 874 2664 934 u-

665 953 941 1034 lyricum
986 948 1427 1021 contendere,
1471 945 1828 1031 postremo,
1875 951 2176 1013 omnibus
2223 952 2388 1014 locis
2437 955 2662 1016 exclu-

600 1079 610 1087 .
671 1054 821 1107 aus,
866 1032 1500 1112 exe1·citum‚-quem
1533 1031 1761 1114 Scipio
1795 1051 2006 1116 nuper
2039 1033 2428 1107 adduxerat,
2474 1035 2662 1096 obsi-

606 1133 619 1146 ‘
668 1115 886 1178 dendo
930 1113 1271 1177 retrahere
1301 1109 1690 1195 Pompeium,
1725 1113 1902 1196 poss'e
1940 1127 2221 1197 putaret.
2304 1115 2660 1200 Pompeius

670 1197 1011 1270 similiter,
1057 1196 1199 1257 sive
1230 1194 1609 1276 Scipionem
1645 1194 1919 1278 aggredi
1945 1197 2182 1258 Caesar
2213 1193 2538 1272 statuiss'et,
2578 1197 2662 1261 ad

668 1277 976 1339 auxilium
1012 1274 1383 1354 festinabat3
1426 1277 1573 1338 sive
1655 1289 1883 1359 ropter
1915 1277 2176 1360 copias,
2223 1298 2387 1360 quae
2423 1279 2502 1340 ab
2534 1282 2659 1350 lta·⁵

666 1359 757 1421 lia
790 1358 1364 1442 exspectabantur,
1420 1298 1768 1420 discedere
1805 1359 1883 1419 ab
1927 1379 2041 1421 ora
2073 1360 2391 1421 maritima
2427 1361 2653 1435 nollet,

666 1440 1109 1503 Domitianum
1149 1439 1505 1502 exercitum
1544 1437 1756 1500 deleri
1793 1441 1971 1523 poss'e
2008 1442 2294 1504 rebatur.

321 1561 649 1621 Domum..
793 1539 961 1602 le,
1008 1529 1225 1632 Qun-m‘
1245 1536 1508 1599 Caesari
1544 1533 1898 1599 necess'ario
1928 1538 2114 1621 prius
2140 1537 2429 1600 adeunda
2449 1537 2504 1600 A
2554 1540 2660 1601 ol-

294 1639 644 1705 ‚pnamnpe-
672 1619 849 1681 lonia
890 1619 1083 1691 ess'et,
1144 1632 1215 1680 ut
1256 1617 1512 1679 saucios
1551 1618 1958 1704 deponeret,
2012 1617 2394 1716 stipendium
2431 1621 2518 1680 mi
2547 1620 2658 1681 iti-

287 1703 547 1758 ficata-0.
604 1770 614 1775 ,
669 1701 792 1762 bus
832 1701 1047 1781 daret„
1092 1699 1471 1781 animosque
1511 1701 1842 1762 sociorum
1880 1702 2167 1785 alloquio
2205 1714 2270 1762 et
2305 1701 2658 1784 praesidiis

614 1776 619 1787 '
670 1782 840 1844 datis
892 1779 1220 1860 firmaret3
1287 1781 1681 1863 Pompejus,
1743 1782 2049 1866 expedito
2148 1803 2221 1844 er
2267 1783 2657 1844 Candaviam

666 1863 944 1937 itinere,
1034 1863 1173 1924 rior
1203 1864 1269 1923 in
1300 1862 1746 1924 Macedoniam
1783 1865 1979 1926 venit.
2064 1867 2091 1924 1
2142 1865 2164 1924 i
2195 1865 2502 1938 Fortuna,
2543 1865 2657 1926 vix

54 1947 79 1981 s
438 1979 446 1984 -
668 1959 944 2030 quatuor
980 1887 1285 2005 {orarum
1320 1946 1720 2039 interposito
1756 1945 1999 2040 spatio,
2043 1944 2400 2008 Domitium
2435 1959 2502 2008 et
2533 1943 2656 2006 ob-

8 2038 9 2059 l
664 2025 825 2108 jecit
860 2026 1134 2088 maximo
1166 2025 1571 2097 discrimini,
1618 2041 1684 2089 et
1710 2028 1976 2112 eripuit.
2059 2030 2326 2110 [gnarus
2365 2027 2477 2090 ille
2515 2045 2656 2088 om-

666 2109 843 2168 nium
865 2151 883 2182 ,
925 2107 1202 2192 (quippe
1236 2107 1403 2177 mim
1438 2107 1518 2168 ab
1557 2108 1670 2169 illo
1711 2108 1791 2169 ad
1817 2111 2181 2182 Caesarem,
2223 2122 2332 2170 ant
2363 2107 2440 2170 ad
2472 2109 2656 2170 illum

668 2210 705 2252 a
728 2191 1028 2260 Caesare,
1124 2205 1351 2272 ropter
1380 2185 1602 2256 infesta
1632 2190 1865 2261 itinera
1893 2197 2244 2285 penetrare
2267 2189 2655 2274 nequibant)

718 2293 867 2332 uum
947 2291 1021 2332 er
1054 2291 1087 2330 a
1118 2269 1303 2354 iquot
1338 2269 1482 2332 dies
1517 2267 1714 2334 castra
1744 2269 1960 2333 castris
1987 2271 2320 2355 Scipionis
2351 2272 2656 2355 opposita

716 2351 863 2413 abui
919 2366 1016 2424 et,
1061 2351 1163 2414 rei
1201 2352 1666 2422 frumentariae
1704 2353 1910 2416 causs'a
1947 2351 2356 2415 discess‘erat:
2416 2365 2483 2414 et
2521 2365 2656 2413 tum

668 2433 753 2496 ad
786 2433 1169 2496 Heracleam
1205 2433 1516 2498 Sinticam
1539 2477 1556 2507 ,
1607 2457 1771 2519 quae
1817 2432 1905 2495 est
1946 2435 2234 2514 subjecta
2268 2433 2651 2502 Candaviae,
2693 2462 2700 2480 ι

670 2516 804 2577 iter
830 2515 1076 2578 habens
1094 2559 1111 2587 ,
1156 2515 1227 2576 in
1252 2517 1466 2600 ipsum
1487 2515 1868 2600 Pompeium
1898 2516 2256 2593 incidiss'et3
2300 2515 2450 2586 nisi,
2478 2514 2656 2600 qu'od

672 2610 888 2681 neque
908 2618 1019 2658 sua
1035 2596 1374 2681 diligentia
1392 2617 1814 2681 cognoscere,
1829 2619 1909 2659 ne
1960 2618 2041 2660 ue
2059 2597 2286 2659 doceri
2303 2619 2336 2656 a
2355 2598 2489 2658 suis
2507 2618 2661 2680 par-

288 2735 299 2742 .
328 2685 405 2738 Et
418 2684 649 2756 ἐπεμνα-
674 2678 850 2742 tibus
870 2691 1191 2761 potuerat,
1212 2675 1484 2740 hostium
1501 2678 1826 2742 beneficio
1848 2620 2190 2743 didiciss'et.
2237 2679 2658 2762 Allobroges,

298 2754 551 2810 “⁸⁰¹2st
676 2761 790 2847 qui
844 2781 989 2823 cum
1023 2759 1319 2822 Roscillo
1370 2774 1436 2822 et
1477 2761 1664 2844 Aego
1705 2782 1917 2845 nuper
1963 2760 2480 2856 transfugerant,
2548 2780 2658 2821 re·

673 2841 885 2928 pertis
924 2861 1047 2924 per
1083 2843 1249 2904 viam
1288 2841 1810 2939 exploratoribus
1847 2844 2156 2916 Domitii,
2205 2862 2343 2904 sive
2383 2855 2664 2927 propter

673 2937 968 2988 veterem
1002 2923 1574 2997 consuetudinem,
1621 2924 1797 3006 quod
1833 2925 1901 2986 in
1933 2924 2144 2986 Gallia
2178 2945 2302 2984 una
2335 2923 2660 2986 militave-

672 3019 841 3078 rant,
864 3006 1034 3070 .sivo
1068 3005 1279 3088 gloria
1316 3006 1493 3078 elati,
1540 3007 1753 3067 onmia
1786 3003 2348 3090 exprompserunt.
2413 3008 2508 3066 Ita
2542 3003 2660 3066 de·

675 3085 847 3150 flexo
894 3086 1133 3149 itinere
1176 3086 1536 3160 Domitius,
1583 3107 1709 3171 qua
1745 3087 2090 3149 Caesarem
2129 3086 2358 3148 venire
2391 3086 2661 3148 audive-

674 3171 842 3242 rat,'
870 3168 1232 3252 vitavitque
1262 3167 1684 3252 Pompeium,
1743 3181 1810 3230 et
1847 3169 1928 3232 ad
1961 3168 2314 3253 Aeginium
2354 3188 2500 3231 cum
2535 3168 2660 3229 im-

6 3275 9 3318 ι
666 3262 983 3335 peratore
1026 3269 1145 3311 suo
1181 3249 1564 3330 conjunctus
1599 3247 1709 3311 est.

8 3320 12 3473 y
348 3367 365 3383 ἱ
797 3347 937 3410 LV·
997 3348 1137 3409 'Iam
1188 3366 1597 3432 qu⁰0¹¹mque
1646 3348 1884 3409 Caesar
1937 3347 2187 3419 adiret,
2249 3331 2658 3430 proeliorum
2755 3347 2765 3355 '
2871 3353 2887 3372 ⁸·

673 3427 1272 3509 Dyrrhachinorum
1312 3429 1482 3490 fama
1523 3442 2000 3513 praecurrerat.
2075 3429 2278 3510 igitur
2319 3424 2662 3508 Gomphos

8 3552 10 3585 ς
269 3577 276 3592 ,
674 3509 1001 3582 venienti,
1066 3509 1241 3592 quod
1276 3511 1556 3592 primum
1605 3509 1693 3572 est
1736 3525 1960 3571 contra
1993 3511 2266 3593 Epirum
2301 3506 2662 3569 Thess'aliae

6 3589 10 3664 ξ
379 3657 397 3671 ⁴
677 3590 1025 3687 oppidum,
1115 3603 1333 3652 raetor
1372 3592 1588 3673 gentis
1619 3589 2100 3654 Androsthenes
2138 3603 2360 3672 portas
2395 3590 2664 3662 clausit,

8 3678 10 3681 ’
262 3683 269 3693 “
676 3669 947 3734 dimissis
978 3694 1009 3732 a
1139 3671 1462 3755 ompejum
1489 3673 1995 3757 Scipionemque
2025 3669 2280 3733 nunciis
2309 3670 2534 3732 auxilii
2557 3687 2664 3730 ac-

678 3753 1011 3814 celerandi
1058 3752 1285 3815 cauffa.
1370 3752 1503 3814 Sed
1533 3755 1771 3815 Caesar
1811 3754 2081 3816 edoctos
2123 3751 2398 3824 milites,
2459 3771 2660 3834 quan-

676 3847 810 3896 tum
846 3833 925 3894 ad
960 3834 1187 3895 famam
1221 3833 1792 3919 ‘necess'itatemque
1869 3850 2235 3898 raesentem
2268 3853 2339 3894 ea
2371 3849 2481 3892 res
2503 3833 2660 3914 p'er-

162 3957 175 3970 ·
521 3927 529 3950 ’-
676 3919 957 3988 tinet-et,
1020 3915 1115 3976 sic
1155 3915 1490 3987 accendit,
1553 3929 1663 3989 ut,
1730 3859 1866 4000 post
1905 3915 2130 3979 horam
2174 3933 2403 3976 nonam
2450 3932 2662 3998 oppu-

8 3931 14 4331 ι
263 4014 281 4047 s
679 3997 984 4080 gnatione
1014 4009 1278 4080 coepas,
1322 4010 1470 4059 ante
1506 4012 1765 4062 noctem
1804 4001 1954 4063 loco
1987 3998 2378 4085 potirentur.
2441 3993 2660 4078 Quum

406 4303 415 4335 l

746 4130 895 4210 Cap.
922 4136 1047 4196 LV.
1084 4133 1249 4192 Flor.
1284 4133 1427 4197 Dio.
