2892 4684
611 268 628 282 .
664 233 787 302 204
853 220 1259 289 Faemsn.
1282 222 2129 290 supraemmonuu
2143 198 2574 289 cmxxxii.

296 432 616 501 ·¹J·0·7⁰5·
672 448 867 519 ganta
900 436 1251 509 universo,
1310 434 1840 518 nonnihilprius
1885 432 2176 498 accusata
2221 436 2362 517 ejus
2397 439 2659 501 acerbi-

328 501 493 559 QG.
518 504 613 571 4⁶·
676 530 847 591 tate,
892 517 1175 579 reditum
1214 538 1359 581 cum
1396 536 1638 577 sum-ma
1671 517 1847 578 illius
1889 517 2203 600 dignitate
2235 521 2660 595 concess'iss'et.

677 601 1083 684 Quamquam
1120 601 1238 661 illo
1284 598 1610 661 beneficio
1649 594 1996 660 Marcellus
2043 598 2178 660 frui
2227 622 2355 662 non
2404 602 2658 686 potuit,

664 702 861 765 quum
906 704 939 743 a
978 683 1307 763 Mitylenis
1360 681 1592 757 urbem
1649 694 2020 763 repeteret,
2082 682 2498 767 Athenasque
2541 704 2663 745 ve—

662 764 891 837 niss'et‚
950 765 1022 825 in
1060 763 1211 847 ipso
1252 777 1452 845 portu
1489 785 1524 823 a
1561 764 1640 822 P.
1674 762 1892 844 Magio
1927 762 2158 824 Cilone
2197 761 2500 827 familiari
2537 784 2661 827 suo

662 844 1093 908 interfectus:
1154 846 1301 927 qui,
1358 857 1549 905 vetus
1585 842 2020 926 Pompejanae
2071 846 2338 908 militiae
2391 866 2660 920 comes,

664 926 948 1014 aliquem
983 926 1337 987 amicorum
1368 924 1448 985 ab
1481 944 1564 987 eo
1597 925 1724 986 sibi
1755 924 2085 1009 praeferri
2115 946 2241 989 non
2267 928 2660 1011 patiebatur.

323 1060 647 1129 Bruuufif.
790 1050 1083 1111 XXXIII.
1146 1038 1231 1109 Et
1277 1044 1696 1129 adsperserat
1736 1048 2080 1109 Caesarem
2126 1048 2448 1133 suspicio:
2512 1050 2660 1127 sed,
2695 1041 2708 1051 ⁹

292 1135 526 1186 monium
564 1133 627 1185 l·
674 1127 906 1219 quibus
948 1130 1167 1213 aliqua
1213 1128 1357 1201 veri
1394 1148 1550 1189 cura
1583 1142 1722 1191 erat
1745 1170 1762 1201 ,
1823 1150 2018 1213 quum
2055 1128 2369 1193 constaret
2403 1130 2483 1193 de
2519 1136 2662 1194 Ma-

296 1200 643 1257 M0M⁸'⁶‘¹·
670 1214 816 1299 gio,
880 1232 1011 1273 non
1063 1208 1456 1289 sustinebant
1507 1209 1857 1293 quidquam
1907 1209 1989 1273 de
2031 1214 2302 1275 Caesare
2345 1211 2658 1277 credere:

291 1268 366 1378 ’ξ’
554 1340 565 1351 .
716 1294 971 1377 urgavit
1021 1312 1101 1352 ue
1139 1312 1283 1353 eum
1307 1334 1326 1365 ,
1387 1292 1630 1375 scripta
1657 1292 1744 1369 'ad
1779 1292 2164 1355 Ciceronem
2204 1292 2506 1377 epistola,
2563 1294 2658 1357 M.

665 1318 945 1447 Brutus,
1077 1374 1303 1435 arcelli
1350 1374 1744 1457 praecipuus
1770 1372 2162 1443 ¹admirator.
2247 1380 2476 1461 Neque
2526 1377 2662 1439 alio

664 1456 1103 1521 luculentiore
1138 1452 1504 1517 testimonio
1541 1454 2046 1539 magnitudinem
2085 1458 2216 1519 viri
2253 1458 2663 1542 adprobave-

662 1541 907 1610 rimus,
957 1554 1145 1620 quam
1184 1536 1356 1633 quod
1396 1536 1462 1596 in
1497 1536 1712 1609 libro,
1760 1556 1949 1633 quem
1993 1536 2074 1601 de
2112 1540 2354 1601 virtute
2392 1561 2532 1602 com
2586 1558 2663 1603 o-

668 1622 831 1694 suit,
875 1624 1119 1681 Brutus
1160 1640 1224 1681 ei
1264 1617 1588 1691 reddidit,
1639 1618 1702 1701 fi·
1742 1616 1934 1700 vtdtffi·
1967 1620 2310 1681 Marcellum
2354 1622 2516 1699 Migy
2542 1627 2664 1683 eni:

664 1702 1002 1787 exficla'meni
1021 1743 1038 1773 ,
1106 1720 1163 1761 et
1181 1743 1198 1772 ,
1258 1719 1522 1781 quantum
1575 1701 1732 1759 modo
1790 1718 1992 1759 natura
2047 1702 2276 1761 huminis
2323 1720 2656 1785 pateretur,

664 1780 960 1863 beattffin‘te
992 1786 1297 1863 viventem,
1356 1801 1526 1863 neque
1563 1786 1830 1863 umquam'
1855 1780 2116 1845 bonarum
2158 1786 2366 1843 artium
2405 1786 2660 1867 cupidio-

664 1886 819 1939 rem,
872 1884 1033 1945 quam
1076 1864 1175 1923 illo
1217 1880 1473 1944 tempore.
1562 1864 1760 1943 Itaque
1799 1862 1972 1943 visum
1995 1862 2108 1945 fibi
2137 1866 2202 1947 se
2242 1870 2409 1949 magis
2450 1872 2509 1927 in
2551 1887 2658 1926 ex.

644 1944 841 2027 filium
881 1950 1003 2017 ire,
1050 1950 1148 2027 qui
1174 1942 1295 2025 fine
1336 1944 1435 2003 illo
1479 1943 1767 2004 reditura?
1803 1942 1963 2024 estet,
2015 1966 2176 2027 quam
2212 1946 2372 2005 illum
2413 1952 2473 2008 in
2513 1946 2656 2029 exfi-

662 2027 741 2088 12⁴0
782 2026 1110 2107 relinquere.
1207 2024 1611 2110 Addiditque
1634 2067 1651 2098 ,
1703 2028 1770 2087 C.
1815 2026 2100 2108 Caesarem
2138 2026 2452 2103 Migylenas
2490 2046 2659 2109 prae-

620 2168 636 2183 ‚
666 2128 966 2170 tervectum
986 2150 1002 2179 ,
1047 2110 1177 2189 quia
1218 2126 1326 2167 nou
1355 2108 1654 2189 sustiroeret
1692 2109 1879 2168 videre
1920 2106 2288 2191 deformatum
2323 2113 2524 2170 virum.

326 2238 642 2291 eumn-5„
717 2282 731 2295 ,
790 2213 1087 2294 XXXIV.
1142 2212 1276 2280 Sed
1324 2212 1594 2287 horum,
1657 2235 1690 2274 a
1733 2207 2007 2277 Caesare
2095 2214 2384 2280 raeclare
2425 2214 2660 2283 consti-r

288 2318 381 2359 esa
413 2309 641 2361 anterio·
666 2280 952 2359 'tutdrum
976 2339 993 2370 ,
1048 2297 1315 2381 gratiam
1356 2296 1478 2357 alia
1517 2295 1826 2380 quaedam
1862 2239 2233 2371 elevaiiann
2294 2298 2504 2381 quod,
2549 2320 2661 2361 re-

290 2390 381 2429 sa·
438 2374 452 2392 “
662 2376 913 2443 laturus
945 2380 1215 2463 gratiam
1254 2378 1602 2441 clientibus
1639 2376 1810 2448 suis,
1859 2394 2118 2441 senatus
2152 2401 2509 2461 numerum,
2557 2380 2660 2441 in..

662 2460 881 2545 dignis
916 2461 1138 2525 multis
1174 2460 1550 2544 adscriptis,
1598 2458 2048 2545 ampliaverat:
2095 2476 2436 2543 praetores
2475 2483 2664 2525 crea-

661 2558 847 2605 verat
880 2540 1258 2619 duodecim,
1305 2556 1467 2627 quot
1495 2540 1684 2603 simul
1718 2538 1949 2603 eodem
1983 2563 2150 2604 anno
2183 2543 2442 2607 fuerant
2474 2565 2663 2605 num-

661 2646 889 2707 quam:
952 2622 1353 2707 quaestorum
1401 2642 1661 2708 quoque
1709 2622 2138 2694 etminorum
2183 2624 2664 2709 magistratuum

660 2706 937 2789 collegia
970 2720 1274 2767 auxerat:
1320 2718 1578 2765 notatos
1617 2725 1650 2764 a
1689 2702 2118 2779 censoribus,
2166 2722 2342 2769 metu
2377 2707 2664 2791 judicio-

658 2808 804 2851 rum
837 2802 1158 2859 extorres,
1203 2785 1588 2849 reduxeratt
1637 2784 2100 2850 condemnatos
2136 2788 2412 2851 ambitus
2443 2790 2507 2850 in
2534 2793 2661 2852 lta-

656 2864 745 2930 lia
798 2870 925 2931 ess'e
981 2868 1255 2931 sinebat.
1358 2867 1570 2953 Etiam
1609 2866 1897 2930 incivilis
1933 2868 2127 2961 plane
2163 2870 2509 2933 videbatur
2545 2892 2663 2935 co.

656 2946 991 3013 initiorum
1030 2951 1239 3023 ratio,
1298 2970 1463 3033 quae
1504 2967 1649 3009 cum
1685 2951 1930 3033 populo
1969 2950 2320 3025 diviserat,
2380 2966 2488 3030 ut,
2547 2975 2662 3015 ex.

658 3046 853 3115 cepto
896 3032 1271 3107 consulatu,
1334 3045 1706 3093 ceterorum
1756 3028 2226 3113 magistratuum
2266 3048 2516 3119 partem
2558 3033 2703 3113 di„

658 3113 921 3181 midiam
958 3114 1267 3198 populus,
1311 3114 1576 3177 alteram
1612 3110 1757 3195 ipse
1794 3110 2232 3177 constitueret.
2321 3114 2505 3177 Unde
2531 3137 2662 3175 can..

658 3196 843 3255 didaci
876 3196 1125 3273 Caesaris
1160 3192 1492 3279 adpellati,
1545 3213 1708 3275 quos
1750 3194 1929 3255 nullo
1964 3196 2266 3279 repulsae
2299 3198 2662 3268 metubre.

662 3276 855 3339 vibus
892 3275 1420 3349 libellisssircum
1453 3274 1665 3337 tribus
1703 3273 1903 3335 miffis
1942 3276 2451 3349 commendabat.

350 3384 641 3467 ctfopaern
788 3382 1056 3445 XXXV.
1125 3382 1257 3445 Sed
1300 3398 1367 3445 et
1396 3382 1780 3463 Cleopatrae
1825 3400 2007 3442 amor
2043 3403 2440 3469 magnopere
2471 3382 2659 3449 datus

228 3481 237 3502 ι
310 3465 457 3511 mu
496 3452 605 3506 Ro·
665 3461 753 3525 est
792 3464 1090 3538 crimini,
1135 3485 1299 3547 quae
1340 3484 1510 3527 anno
1549 3461 1784 3523 eodem
1819 3462 2086 3523 Romam
2125 3466 2312 3548 regio
2351 3468 2662 3531 comitatu

313 3536 483 3605 ..ΨΜ
614 3547 621 3557 “
662 3546 884 3618 venit,
930 3546 1143 3609 accitu
1176 3546 1409 3630 ipsius.
1497 3546 1736 3611 Caesar
1779 3542 2042 3607 mulieri
2083 3546 2400 3633 viroque,
2445 3546 2662 3612 minor

731 3701 879 3773 Cap.
912 3700 1149 3756 xxxn.
1202 3698 1331 3753 Liv.
1364 3701 1524 3774 Epit.
1575 3699 1702 3757 Cic.
1735 3700 1813 3755 ad
1845 3704 2008 3755 Fam.
2035 3705 2102 3769 4,
2137 3706 2191 3775 4.
2231 3712 2289 3757 et
2323 3706 2388 3766 6,
2422 3705 2476 3759 6.
2528 3704 2658 3757 Liv·

658 3768 822 3843 Epit.
874 3768 1002 3826 Cic.
1035 3768 1109 3821 ad
1138 3770 1301 3821 Fam.
1334 3774 1391 3837 4,
1431 3770 1691 3826 n.·Val.
1715 3772 1872 3823 Max.
1911 3790 1993 3835 ιι,
2035 3790 2116 3825 ιι.
2162 3771 2286 3827 Cic.
2323 3771 2399 3825 ad
2427 3773 2548 3825 Att.
2575 3773 2657 3828 ιδ,

665 3856 749 3891 ιο.
800 3840 943 3893 Sen.
978 3836 1220 3892 Consol.
1262 3834 1335 3889 ad
1366 3837 1540 3892 Helv.
1584 3858 1636 3892 c.
1671 3858 1726 3907 9.
1781 3839 1910 3895 Cic.
1945 3840 2170 3907 Bruto,
2209 3857 2260 3892 c.
2295 3858 2383 3903 ⁴7¹·
2443 3840 2654 3893 Senec-

660 3906 811 3979 Cap.
838 3908 1100 3961 xxxtv.
1140 3906 1390 3961 Sueton.
1429 3906 1598 3961 Caes.
1634 3924 1808 3980 capp.
1831 3914 1920 3975 4¹·
1945 3926 2034 3975 '7'-
2056 3914 2144 3979 76.
2168 3908 2332 3964 etsso.
2386 3907 2521 3960 Dio.
2578 3909 2654 3960 D·

664 3974 737 4029 de
768 3974 935 4047 Orig.
972 3976 1087 4044 jur.
1122 3992 1267 4048 para
1312 3994 1362 4028 r.
1390 3975 1482 4031 33.
1525 3975 1774 4033 Sueten.
1806 3980 1897 4042 4¹·
1943 3986 2002 4031 et
2035 3976 2170 4033 Dio.
2201 3972 2212 3983 ⁸
2275 3976 2468 4029 uintil.
2507 3979 2558 4033 6.
2595 3978 2654 4035 3.·

663 4046 805 4099 Tac.
843 4062 889 4097 ι.
944 4042 1101 4100 Αιιιι.
1138 4044 1221 4104 15.
1316 4052 1522 4114 uetou.
1595 4045 1748 4119 Gap.
1783 4046 2019 4104 XXXV.
2070 4044 2206 4103 Dio.
2279 4044 2472 4103 'uach
2509 4044 2654 4107 Chr.

660 4130 823 4173 aum·
862 4130 1014 4183 2⁹72·
