<?xml version="1.0" encoding="UTF-8"?>
<!DOCTYPE html PUBLIC "-//W3C//DTD XHTML 1.0 Transitional//EN"
    "http://www.w3.org/TR/xhtml1/DTD/xhtml1-transitional.dtd">
<html xmlns="http://www.w3.org/1999/xhtml" xml:lang="en" lang="en">
 <head>
  <title>
</title>
<meta http-equiv="Content-Type" content="text/html;charset=utf-8" />
  <meta name='ocr-system' content='tesseract 3.04.00' />
  <meta name='ocr-capabilities' content='ocr_page ocr_carea ocr_par ocr_line ocrx_word'/>
</head>
<body>
  <div class='ocr_page' id='page_1' title='image "./tliviipatavinih25unkngoog_0054.png"; bbox 0 0 2892 4684; ppageno 0'>
   <div class='ocr_carea' id='block_1_1' title="bbox 710 213 2627 334">
    <p class='ocr_par' dir='ltr' id='par_1_1' title="bbox 710 213 2627 334">
     <span class='ocr_line' id='line_1_1' title="bbox 710 213 2627 334; baseline 0.001 -18"><span class='ocrx_word' id='word_1_1' title='bbox 710 251 799 332; x_wconf 66' lang='lat'><strong>59</strong></span> <span class='ocrx_word' id='word_1_2' title='bbox 894 251 1299 318; x_wconf 73' lang='lat' dir='ltr'><strong>rnnmsn.</strong></span> <span class='ocrx_word' id='word_1_3' title='bbox 1324 213 2169 334; x_wconf 67' lang='lat' dir='ltr'><strong>smmmnron‘un</strong></span> <span class='ocrx_word' id='word_1_4' title='bbox 2185 253 2627 322; x_wconf 60' lang='lat' dir='ltr'><strong>amnxxv.</strong></span> 
     </span>
    </p>
   </div>
   <div class='ocr_carea' id='block_1_2' title="bbox 312 456 2742 1850">
    <p class='ocr_par' dir='ltr' id='par_1_2' title="bbox 312 456 2712 545">
     <span class='ocr_line' id='line_1_2' title="bbox 312 456 2712 545; baseline 0.005 -31"><span class='ocrx_word' id='word_1_5' title='bbox 312 459 321 472; x_wconf 82' lang='lat'>&#39;</span> <span class='ocrx_word' id='word_1_6' title='bbox 379 460 453 524; x_wconf 67' lang='grc' dir='ltr'><strong>Π.</strong></span> <span class='ocrx_word' id='word_1_7' title='bbox 481 463 677 533; x_wconf 78' lang='grc' dir='ltr'><strong>ο.703.</strong></span> <span class='ocrx_word' id='word_1_8' title='bbox 718 457 1209 538; x_wconf 79' lang='lat' dir='ltr'><strong>excelsiffimu&#39;s,</strong></span> <span class='ocrx_word' id='word_1_9' title='bbox 1252 456 1558 540; x_wconf 85' lang='lat' dir='ltr'><strong>occupari</strong></span> <span class='ocrx_word' id='word_1_10' title='bbox 1583 456 1778 539; x_wconf 81' lang='lat' dir='ltr'><strong>juss&#39;it,</strong></span> <span class='ocrx_word' id='word_1_11' title='bbox 1807 456 2019 522; x_wconf 76' lang='lat' dir='ltr'><strong>-castra</strong></span> <span class='ocrx_word' id='word_1_12' title='bbox 2045 460 2140 523; x_wconf 91' lang='lat' dir='ltr'><strong>ibi</strong></span> <span class='ocrx_word' id='word_1_13' title='bbox 2169 465 2524 545; x_wconf 77' lang='lat' dir='ltr'><strong>positurus.</strong></span> <span class='ocrx_word' id='word_1_14' title='bbox 2572 463 2712 530; x_wconf 85' lang='lat' dir='ltr'><strong>Sed</strong></span> 
     </span>
    </p>

    <p class='ocr_par' dir='ltr' id='par_1_3' title="bbox 382 531 2707 624">
     <span class='ocr_line' id='line_1_3' title="bbox 382 531 2707 624; baseline 0.003 -20"><span class='ocrx_word' id='word_1_15' title='bbox 382 532 459 604; x_wconf 60' lang='lat' dir='ltr'><strong>A.»-</strong></span> <span class='ocrx_word' id='word_1_16' title='bbox 483 531 661 606; x_wconf 63' lang='lat' dir='ltr'><strong>(Ta-49·</strong></span> <span class='ocrx_word' id='word_1_17' title='bbox 718 542 988 605; x_wconf 80' lang='lat' dir='ltr'><strong>caetrati</strong></span> <span class='ocrx_word' id='word_1_18' title='bbox 1034 541 1115 604; x_wconf 84' lang='lat' dir='ltr'><strong>ab</strong></span> <span class='ocrx_word' id='word_1_19' title='bbox 1166 539 1456 624; x_wconf 85' lang='lat' dir='ltr'><strong>equitatu</strong></span> <span class='ocrx_word' id='word_1_20' title='bbox 1497 539 1793 603; x_wconf 78' lang='lat' dir='ltr'>Caesaris</span> <span class='ocrx_word' id='word_1_21' title='bbox 1835 541 1916 602; x_wconf 89' lang='lat' dir='ltr'><strong>ad</strong></span> <span class='ocrx_word' id='word_1_22' title='bbox 1957 563 2154 605; x_wconf 89' lang='lat' dir='ltr'><strong>unum</strong></span> <span class='ocrx_word' id='word_1_23' title='bbox 2191 565 2417 608; x_wconf 86' lang='lat' dir='ltr'><strong>omnes</strong></span> <span class='ocrx_word' id='word_1_24' title='bbox 2451 543 2707 610; x_wconf 71' lang='lat' dir='ltr'><strong>interfi-</strong></span> 
     </span>
    </p>

    <p class='ocr_par' dir='ltr' id='par_1_4' title="bbox 717 619 2707 706">
     <span class='ocr_line' id='line_1_4' title="bbox 717 619 2707 706; baseline 0.003 -20"><span class='ocrx_word' id='word_1_25' title='bbox 717 625 998 687; x_wconf 90' lang='lat' dir='ltr'><strong>ciuntur.</strong></span> <span class='ocrx_word' id='word_1_26' title='bbox 1083 623 1230 684; x_wconf 89' lang='lat' dir='ltr'><strong>Hoc</strong></span> <span class='ocrx_word' id='word_1_27' title='bbox 1270 619 1443 684; x_wconf 84' lang='lat' dir='ltr'><strong>facto</strong></span> <span class='ocrx_word' id='word_1_28' title='bbox 1482 623 1813 704; x_wconf 82' lang='lat' dir='ltr'><strong>pugnandi</strong></span> <span class='ocrx_word' id='word_1_29' title='bbox 1853 624 2208 706; x_wconf 80' lang='lat' dir='ltr'><strong>cupiditate</strong></span> <span class='ocrx_word' id='word_1_30' title='bbox 2249 629 2550 691; x_wconf 78' lang='lat' dir='ltr'><strong>Caesaris</strong></span> <span class='ocrx_word' id='word_1_31' title='bbox 2591 648 2707 702; x_wconf 49' lang='lat' dir='ltr'><strong>co?</strong></span> 
     </span>
    </p>

    <p class='ocr_par' dir='ltr' id='par_1_5' title="bbox 598 700 2704 846">
     <span class='ocr_line' id='line_1_5' title="bbox 598 700 2704 846; baseline 0.006 -81"><span class='ocrx_word' id='word_1_32' title='bbox 598 757 603 765; x_wconf 89' lang='lat'><strong>.</strong></span> <span class='ocrx_word' id='word_1_33' title='bbox 711 705 865 790; x_wconf 77' lang='lat' dir='ltr'><strong>piae</strong></span> <span class='ocrx_word' id='word_1_34' title='bbox 886 703 1351 786; x_wconf 84' lang='lat' dir='ltr'><strong>accenduntur,</strong></span> <span class='ocrx_word' id='word_1_35' title='bbox 1379 700 1833 846; x_wconf 52' lang='lat' dir='ltr'><strong>proeliumthue</strong></span> <span class='ocrx_word' id='word_1_36' title='bbox 1854 701 2199 788; x_wconf 78' lang='lat' dir='ltr'><strong>postulant:</strong></span> <span class='ocrx_word' id='word_1_37' title='bbox 2245 709 2302 770; x_wconf 89' lang='lat' dir='ltr'><strong>si</strong></span> <span class='ocrx_word' id='word_1_38' title='bbox 2329 709 2490 774; x_wconf 89' lang='lat' dir='ltr'><strong>haec</strong></span> <span class='ocrx_word' id='word_1_39' title='bbox 2510 731 2704 794; x_wconf 62' lang='lat' dir='ltr'><strong>praef-</strong></span> 
     </span>
    </p>

    <p class='ocr_par' dir='ltr' id='par_1_6' title="bbox 715 783 2742 869">
     <span class='ocr_line' id='line_1_6' title="bbox 715 783 2742 869; baseline -0.001 -19"><span class='ocrx_word' id='word_1_40' title='bbox 715 787 1114 852; x_wconf 85' lang='lat' dir='ltr'><strong>termittatur</strong></span> <span class='ocrx_word' id='word_1_41' title='bbox 1151 783 1447 856; x_wconf 79' lang='lat' dir='ltr'><strong>occasio,</strong></span> <span class='ocrx_word' id='word_1_42' title='bbox 1509 804 1582 844; x_wconf 88' lang='lat' dir='ltr'><strong>se</strong></span> <span class='ocrx_word' id='word_1_43' title='bbox 1627 789 1714 868; x_wconf 77' lang='lat' dir='ltr'><strong>po</strong></span> <span class='ocrx_word' id='word_1_44' title='bbox 1769 807 1876 860; x_wconf 85' lang='lat' dir='ltr'><strong>ea,</strong></span> <span class='ocrx_word' id='word_1_45' title='bbox 1941 808 2136 869; x_wconf 87' lang='lat' dir='ltr'><strong>quum</strong></span> <span class='ocrx_word' id='word_1_46' title='bbox 2179 791 2418 852; x_wconf 86' lang='lat' dir='ltr'><strong>Caesar</strong></span> <span class='ocrx_word' id='word_1_47' title='bbox 2457 793 2742 866; x_wconf 80' lang='lat' dir='ltr'><strong>vellet‚.</strong></span> 
     </span>
    </p>

    <p class='ocr_par' dir='ltr' id='par_1_7' title="bbox 714 866 2706 972">
     <span class='ocr_line' id='line_1_7' title="bbox 714 866 2706 972; baseline 0.004 -42"><span class='ocrx_word' id='word_1_48' title='bbox 714 889 848 932; x_wconf 86' lang='lat' dir='ltr'><strong>non</strong></span> <span class='ocrx_word' id='word_1_49' title='bbox 888 869 1017 932; x_wconf 80' lang='lat' dir='ltr'><strong>effe</strong></span> <span class='ocrx_word' id='word_1_50' title='bbox 1038 879 1456 972; x_wconf 60' lang='lat' dir='ltr'><strong>pugnaturos</strong></span> <span class='ocrx_word' id='word_1_51' title='bbox 1491 866 1839 930; x_wconf 85' lang='lat' dir='ltr'><strong>minantur.</strong></span> <span class='ocrx_word' id='word_1_52' title='bbox 1921 871 2160 932; x_wconf 83' lang='lat' dir='ltr'><strong>Caesar</strong></span> <span class='ocrx_word' id='word_1_53' title='bbox 2191 886 2438 948; x_wconf 89' lang='lat' dir='ltr'><strong>tamen,</strong></span> <span class='ocrx_word' id='word_1_54' title='bbox 2487 893 2706 958; x_wconf 81' lang='lat' dir='ltr'><strong>neque</strong></span> 
     </span>
    </p>

    <p class='ocr_par' dir='ltr' id='par_1_8' title="bbox 718 945 2702 1040">
     <span class='ocr_line' id='line_1_8' title="bbox 718 945 2702 1040; baseline 0.005 -33"><span class='ocrx_word' id='word_1_55' title='bbox 718 969 875 1014; x_wconf 74' lang='lat' dir='ltr'><strong>suos</strong></span> <span class='ocrx_word' id='word_1_56' title='bbox 924 948 1215 1030; x_wconf 73' lang='lat' dir='ltr'><strong>objicere</strong></span> <span class='ocrx_word' id='word_1_57' title='bbox 1264 945 1647 1014; x_wconf 78' lang='lat' dir='ltr'><strong>vulneribus</strong></span> <span class='ocrx_word' id='word_1_58' title='bbox 1699 962 1768 1010; x_wconf 89' lang='lat' dir='ltr'><strong>et</strong></span> <span class='ocrx_word' id='word_1_59' title='bbox 1815 949 2112 1034; x_wconf 83' lang='lat' dir='ltr'><strong>periculo</strong></span> <span class='ocrx_word' id='word_1_60' title='bbox 2155 955 2421 1028; x_wconf 81' lang='lat' dir='ltr'><strong>volens,</strong></span> <span class='ocrx_word' id='word_1_61' title='bbox 2483 975 2702 1040; x_wconf 87' lang='lat' dir='ltr'><strong>neque</strong></span> 
     </span>
    </p>

    <p class='ocr_par' dir='ltr' id='par_1_9' title="bbox 672 1027 2704 1110">
     <span class='ocr_line' id='line_1_9' title="bbox 672 1027 2704 1110; baseline 0.002 -14"><span class='ocrx_word' id='word_1_62' title='bbox 672 1100 677 1108; x_wconf 69' lang='grc'><strong>,</strong></span> <span class='ocrx_word' id='word_1_63' title='bbox 716 1033 899 1106; x_wconf 78' lang='lat' dir='ltr'><strong>cives</strong></span> <span class='ocrx_word' id='word_1_64' title='bbox 931 1029 1261 1102; x_wconf 86' lang='lat' dir='ltr'><strong>occidere,</strong></span> <span class='ocrx_word' id='word_1_65' title='bbox 1306 1027 1543 1110; x_wconf 82' lang='lat' dir='ltr'><strong>quihus</strong></span> <span class='ocrx_word' id='word_1_66' title='bbox 1576 1029 1984 1092; x_wconf 81' lang='lat' dir='ltr'><strong>clementiam</strong></span> <span class='ocrx_word' id='word_1_67' title='bbox 2021 1054 2198 1096; x_wconf 86' lang='lat' dir='ltr'><strong>suam</strong></span> <span class='ocrx_word' id='word_1_68' title='bbox 2232 1039 2528 1100; x_wconf 89' lang='lat' dir='ltr'><strong>omnibus</strong></span> <span class='ocrx_word' id='word_1_69' title='bbox 2561 1058 2704 1100; x_wconf 86' lang='lat' dir='ltr'><strong>mo-</strong></span> 
     </span>
    </p>

    <p class='ocr_par' dir='ltr' id='par_1_10' title="bbox 701 1106 2702 1197">
     <span class='ocr_line' id='line_1_10' title="bbox 701 1106 2702 1197; baseline 0.003 -21"><span class='ocrx_word' id='word_1_70' title='bbox 701 1108 827 1188; x_wconf 71' lang='lat' dir='ltr'><strong>jdis</strong></span> <span class='ocrx_word' id='word_1_71' title='bbox 872 1111 1238 1197; x_wconf 82' lang='lat' dir='ltr'><strong>approbare</strong></span> <span class='ocrx_word' id='word_1_72' title='bbox 1290 1106 1620 1182; x_wconf 83' lang='lat' dir='ltr'><strong>studebat,</strong></span> <span class='ocrx_word' id='word_1_73' title='bbox 1681 1111 1993 1176; x_wconf 78' lang='lat' dir='ltr'><strong>abstinuit</strong></span> <span class='ocrx_word' id='word_1_74' title='bbox 2047 1118 2342 1196; x_wconf 84' lang='lat' dir='ltr'><strong>proeli0,</strong></span> <span class='ocrx_word' id='word_1_75' title='bbox 2409 1120 2702 1182; x_wconf 83' lang='lat' dir='ltr'><strong>futurum</strong></span> 
     </span>
    </p>

    <p class='ocr_par' dir='ltr' id='par_1_11' title="bbox 715 1193 2701 1289">
     <span class='ocr_line' id='line_1_11' title="bbox 715 1193 2701 1289; baseline 0.003 -33"><span class='ocrx_word' id='word_1_76' title='bbox 715 1215 1022 1281; x_wconf 79' lang='lat' dir='ltr'><strong>sperans,</strong></span> <span class='ocrx_word' id='word_1_77' title='bbox 1066 1206 1139 1257; x_wconf 89' lang='lat' dir='ltr'><strong>ut</strong></span> <span class='ocrx_word' id='word_1_78' title='bbox 1180 1193 1321 1256; x_wconf 87' lang='lat' dir='ltr'><strong>sine</strong></span> <span class='ocrx_word' id='word_1_79' title='bbox 1358 1211 1574 1289; x_wconf 68' lang='lat' dir='ltr'><strong>pugna</strong></span> <span class='ocrx_word' id='word_1_80' title='bbox 1607 1193 1848 1256; x_wconf 85' lang='lat' dir='ltr'><strong>bellum</strong></span> <span class='ocrx_word' id='word_1_81' title='bbox 1881 1193 2278 1274; x_wconf 85' lang='lat' dir='ltr'><strong>conficeret,</strong></span> <span class='ocrx_word' id='word_1_82' title='bbox 2367 1201 2500 1263; x_wconf 85' lang='lat' dir='ltr'><strong>uod</strong></span> <span class='ocrx_word' id='word_1_83' title='bbox 2535 1215 2603 1264; x_wconf 92' lang='lat' dir='ltr'><strong>et</strong></span> <span class='ocrx_word' id='word_1_84' title='bbox 2631 1221 2701 1262; x_wconf 85' lang='lat' dir='ltr'><strong>a-</strong></span> 
     </span>
    </p>

    <p class='ocr_par' dir='ltr' id='par_1_12' title="bbox 700 1273 2703 1366">
     <span class='ocr_line' id='line_1_12' title="bbox 700 1273 2703 1366; baseline 0.005 -29"><span class='ocrx_word' id='word_1_85' title='bbox 700 1339 710 1348; x_wconf 59' lang='lat'><strong>,</strong></span> <span class='ocrx_word' id='word_1_86' title='bbox 763 1299 841 1354; x_wconf 75' lang='lat' dir='ltr'><strong>na</strong></span> <span class='ocrx_word' id='word_1_87' title='bbox 882 1291 951 1339; x_wconf 90' lang='lat' dir='ltr'><strong>et</strong></span> <span class='ocrx_word' id='word_1_88' title='bbox 982 1295 1057 1337; x_wconf 88' lang='lat' dir='ltr'><strong>re</strong></span> <span class='ocrx_word' id='word_1_89' title='bbox 1094 1273 1520 1338; x_wconf 73' lang='lat' dir='ltr'><strong>frumentaria</strong></span> <span class='ocrx_word' id='word_1_90' title='bbox 1556 1273 1768 1339; x_wconf 79' lang='lat' dir='ltr'><strong>hostes</strong></span> <span class='ocrx_word' id='word_1_91' title='bbox 1801 1277 2282 1344; x_wconf 77' lang='lat' dir='ltr'><strong>intercluserat.</strong></span> <span class='ocrx_word' id='word_1_92' title='bbox 2379 1283 2556 1366; x_wconf 79' lang='lat' dir='ltr'><strong>gitur</strong></span> <span class='ocrx_word' id='word_1_93' title='bbox 2595 1301 2703 1348; x_wconf 62' lang='lat' dir='ltr'><strong>cae</strong></span> 
     </span>
    </p>

    <p class='ocr_par' dir='ltr' id='par_1_13' title="bbox 712 1298 2701 1446">
     <span class='ocr_line' id='line_1_13' title="bbox 712 1298 2701 1446; baseline 0.005 -30"><span class='ocrx_word' id='word_1_94' title='bbox 712 1298 837 1423; x_wconf 54' lang='lat' dir='ltr'><strong>stra</strong></span> <span class='ocrx_word' id='word_1_95' title='bbox 870 1380 1059 1444; x_wconf 89' lang='lat' dir='ltr'><strong>quam</strong></span> <span class='ocrx_word' id='word_1_96' title='bbox 1092 1356 1387 1441; x_wconf 74' lang='lat' dir='ltr'><strong>proxime</strong></span> <span class='ocrx_word' id='word_1_97' title='bbox 1422 1351 1664 1418; x_wconf 84' lang='lat' dir='ltr'><strong>hostem</strong></span> <span class='ocrx_word' id='word_1_98' title='bbox 1693 1359 1948 1440; x_wconf 77' lang='lat' dir='ltr'><strong>posuit:</strong></span> <span class='ocrx_word' id='word_1_99' title='bbox 1993 1375 2082 1435; x_wconf 92' lang='lat' dir='ltr'><strong>et,</strong></span> <span class='ocrx_word' id='word_1_100' title='bbox 2126 1359 2460 1446; x_wconf 80' lang='lat' dir='ltr'><strong>postridie,</strong></span> <span class='ocrx_word' id='word_1_101' title='bbox 2548 1385 2701 1426; x_wconf 86' lang='lat' dir='ltr'><strong>uum</strong></span> 
     </span>
    </p>

    <p class='ocr_par' dir='ltr' id='par_1_14' title="bbox 711 1437 2700 1525">
     <span class='ocr_line' id='line_1_14' title="bbox 711 1437 2700 1525; baseline 0.003 -23"><span class='ocrx_word' id='word_1_102' title='bbox 711 1440 1095 1525; x_wconf 77' lang='lat' dir='ltr'><strong>Pompeiani</strong></span> <span class='ocrx_word' id='word_1_103' title='bbox 1126 1437 1512 1522; x_wconf 84' lang='lat' dir='ltr'><strong>frequentes</strong></span> <span class='ocrx_word' id='word_1_104' title='bbox 1553 1453 1849 1522; x_wconf 87' lang='lat' dir='ltr'><strong>aquatum</strong></span> <span class='ocrx_word' id='word_1_105' title='bbox 1885 1440 2261 1517; x_wconf 78' lang='lat' dir='ltr'><strong>exiviss&#39;ent‚</strong></span> <span class='ocrx_word' id='word_1_106' title='bbox 2321 1446 2496 1507; x_wconf 85' lang='lat' dir='ltr'><strong>immi</strong></span> <span class='ocrx_word' id='word_1_107' title='bbox 2553 1467 2590 1506; x_wconf 94' lang='lat' dir='ltr'><strong>o</strong></span> <span class='ocrx_word' id='word_1_108' title='bbox 2627 1466 2700 1507; x_wconf 85' lang='lat' dir='ltr'><strong>e-</strong></span> 
     </span>
    </p>

    <p class='ocr_par' dir='ltr' id='par_1_15' title="bbox 761 1519 2694 1610">
     <span class='ocr_line' id='line_1_15' title="bbox 761 1519 2694 1610; baseline 0.002 -26"><span class='ocrx_word' id='word_1_109' title='bbox 761 1525 997 1595; x_wconf 79' lang='lat' dir='ltr'><strong>uitatu,</strong></span> <span class='ocrx_word' id='word_1_110' title='bbox 1042 1519 1207 1582; x_wconf 84' lang='lat' dir='ltr'><strong>nihil</strong></span> <span class='ocrx_word' id='word_1_111' title='bbox 1246 1520 1345 1582; x_wconf 80' lang='lat' dir='ltr'><strong>eis</strong></span> <span class='ocrx_word' id='word_1_112' title='bbox 1379 1531 1587 1581; x_wconf 89' lang='lat' dir='ltr'><strong>tutum</strong></span> <span class='ocrx_word' id='word_1_113' title='bbox 1615 1535 1724 1582; x_wconf 89' lang='lat' dir='ltr'><strong>aut</strong></span> <span class='ocrx_word' id='word_1_114' title='bbox 1746 1524 2162 1606; x_wconf 86' lang='lat' dir='ltr'><strong>tranquillum</strong></span> <span class='ocrx_word' id='word_1_115' title='bbox 2193 1527 2557 1610; x_wconf 69' lang='lat' dir='ltr'><strong>ess&#39;e‘pass&#39;us</strong></span> <span class='ocrx_word' id='word_1_116' title='bbox 2585 1525 2694 1588; x_wconf 86' lang='lat' dir='ltr'><strong>est.</strong></span> 
     </span>
    </p>

    <p class='ocr_par' dir='ltr' id='par_1_16' title="bbox 772 1601 2702 1687">
     <span class='ocr_line' id='line_1_16' title="bbox 772 1601 2702 1687; baseline 0.001 -21"><span class='ocrx_word' id='word_1_117' title='bbox 772 1627 808 1666; x_wconf 89' lang='lat' dir='ltr'><strong>a</strong></span> <span class='ocrx_word' id='word_1_118' title='bbox 856 1623 933 1666; x_wconf 92' lang='lat' dir='ltr'><strong>re</strong></span> <span class='ocrx_word' id='word_1_119' title='bbox 985 1601 1284 1686; x_wconf 78' lang='lat' dir='ltr'><strong>cognita,</strong></span> <span class='ocrx_word' id='word_1_120' title='bbox 1346 1601 1662 1664; x_wconf 78' lang='lat' dir='ltr'><strong>Afranius</strong></span> <span class='ocrx_word' id='word_1_121' title='bbox 1709 1615 1904 1684; x_wconf 81' lang='lat' dir='ltr'><strong>atque</strong></span> <span class='ocrx_word' id='word_1_122' title='bbox 1952 1607 2253 1687; x_wconf 75' lang='lat' dir='ltr'><strong>Petreius</strong></span> <span class='ocrx_word' id='word_1_123' title='bbox 2311 1609 2376 1669; x_wconf 81' lang='lat' dir='ltr'><strong>id</strong></span> <span class='ocrx_word' id='word_1_124' title='bbox 2433 1607 2702 1670; x_wconf 84' lang='lat' dir='ltr'><strong>consilii</strong></span> 
     </span>
    </p>

    <p class='ocr_par' dir='ltr' id='par_1_17' title="bbox 702 1682 2703 1850">
     <span class='ocr_line' id='line_1_17' title="bbox 708 1682 2703 1774; baseline 0.003 -27"><span class='ocrx_word' id='word_1_125' title='bbox 708 1685 1011 1772; x_wconf 82' lang='lat' dir='ltr'><strong>capiunt,</strong></span> <span class='ocrx_word' id='word_1_126' title='bbox 1063 1697 1169 1756; x_wconf 90' lang='lat' dir='ltr'><strong>ut,</strong></span> <span class='ocrx_word' id='word_1_127' title='bbox 1216 1704 1249 1744; x_wconf 79' lang='lat' dir='ltr'><strong>a</strong></span> <span class='ocrx_word' id='word_1_128' title='bbox 1286 1684 1462 1746; x_wconf 76' lang='lat' dir='ltr'><strong>vallo</strong></span> <span class='ocrx_word' id='word_1_129' title='bbox 1497 1682 1580 1744; x_wconf 85' lang='lat' dir='ltr'><strong>ad</strong></span> <span class='ocrx_word' id='word_1_130' title='bbox 1617 1704 1845 1770; x_wconf 81' lang='lat' dir='ltr'><strong>aquam</strong></span> <span class='ocrx_word' id='word_1_131' title='bbox 1885 1685 2172 1752; x_wconf 79' lang='lat' dir='ltr'><strong>brachiis</strong></span> <span class='ocrx_word' id='word_1_132' title='bbox 2209 1690 2457 1763; x_wconf 86' lang='lat' dir='ltr'><strong>ductis,</strong></span> <span class='ocrx_word' id='word_1_133' title='bbox 2504 1711 2703 1774; x_wconf 87' lang='lat' dir='ltr'><strong>aqua-</strong></span> 
     </span>
     <span class='ocr_line' id='line_1_18' title="bbox 702 1763 1369 1850; baseline 0 -20"><span class='ocrx_word' id='word_1_134' title='bbox 702 1769 955 1831; x_wconf 83' lang='lat' dir='ltr'><strong>tionem</strong></span> <span class='ocrx_word' id='word_1_135' title='bbox 999 1763 1369 1850; x_wconf 76' lang='lat' dir='ltr'><strong>expediant.</strong></span> 
     </span>
    </p>
   </div>
   <div class='ocr_carea' id='block_1_3' title="bbox 341 1871 2737 2920">
    <p class='ocr_par' dir='ltr' id='par_1_18' title="bbox 341 1871 2737 2208">
     <span class='ocr_line' id='line_1_19' title="bbox 399 1871 2697 1962; baseline 0.003 -27"><span class='ocrx_word' id='word_1_136' title='bbox 399 1897 615 1952; x_wconf 56' lang='lat' dir='ltr'><strong>mmm</strong></span> <span class='ocrx_word' id='word_1_137' title='bbox 826 1875 1093 1936; x_wconf 81' lang='lat' dir='ltr'><strong>xxvn.</strong></span> <span class='ocrx_word' id='word_1_138' title='bbox 1152 1871 1365 1952; x_wconf 85' lang='lat' dir='ltr'><strong>Hujus</strong></span> <span class='ocrx_word' id='word_1_139' title='bbox 1411 1873 1639 1956; x_wconf 85' lang='lat' dir='ltr'><strong>operis</strong></span> <span class='ocrx_word' id='word_1_140' title='bbox 1685 1873 1890 1936; x_wconf 80' lang='lat' dir='ltr'><strong>caull&#39;a</strong></span> <span class='ocrx_word' id='word_1_141' title='bbox 1939 1871 2134 1956; x_wconf 78' lang='lat' dir='ltr'><strong>quu‘m</strong></span> <span class='ocrx_word' id='word_1_142' title='bbox 2175 1876 2436 1961; x_wconf 81' lang='lat' dir='ltr'><strong>longius</strong></span> <span class='ocrx_word' id='word_1_143' title='bbox 2477 1879 2697 1962; x_wconf 81' lang='lat' dir='ltr'><strong>paullo</strong></span> 
     </span>
     <span class='ocr_line' id='line_1_20' title="bbox 341 1952 2737 2042; baseline 0.001 -23"><span class='ocrx_word' id='word_1_144' title='bbox 341 1965 655 2036; x_wconf 70' lang='lat' dir='ltr'><strong>Pmpefaeni</strong></span> <span class='ocrx_word' id='word_1_145' title='bbox 707 1953 1169 2028; x_wconf 82' lang='lat' dir='ltr'><strong>disceffill&#39;ent,</strong></span> <span class='ocrx_word' id='word_1_146' title='bbox 1224 1953 1499 2016; x_wconf 85' lang='lat' dir='ltr'><strong>liberam</strong></span> <span class='ocrx_word' id='word_1_147' title='bbox 1528 1952 1946 2040; x_wconf 84' lang='lat' dir='ltr'><strong>colloquendi</strong></span> <span class='ocrx_word' id='word_1_148' title='bbox 1975 1953 2342 2020; x_wconf 82' lang='lat' dir='ltr'><strong>facultatem</strong></span> <span class='ocrx_word' id='word_1_149' title='bbox 2377 1960 2546 2026; x_wconf 88' lang='lat' dir='ltr'><strong>nacti</strong></span> <span class='ocrx_word' id='word_1_150' title='bbox 2575 1961 2700 2021; x_wconf 82' lang='lat' dir='ltr'><strong>mi-</strong></span> <span class='ocrx_word' id='word_1_151' title='bbox 2723 2025 2737 2042; x_wconf 31' lang='grc' dir='ltr'>ἱ</span> 
     </span>
     <span class='ocr_line' id='line_1_21' title="bbox 344 2035 2699 2126; baseline 0.003 -31"><span class='ocrx_word' id='word_1_152' title='bbox 344 2035 411 2089; x_wconf 71' lang='lat' dir='ltr'><strong>de</strong></span> <span class='ocrx_word' id='word_1_153' title='bbox 438 2051 571 2105; x_wconf 76' lang='lat' dir='ltr'><strong>pace</strong></span> <span class='ocrx_word' id='word_1_154' title='bbox 600 2051 661 2091; x_wconf 70' lang='lat' dir='ltr'><strong>a·</strong></span> <span class='ocrx_word' id='word_1_155' title='bbox 706 2038 857 2100; x_wconf 81' lang='lat' dir='ltr'><strong>lites</strong></span> <span class='ocrx_word' id='word_1_156' title='bbox 912 2037 995 2100; x_wconf 87' lang='lat' dir='ltr'><strong>de</strong></span> <span class='ocrx_word' id='word_1_157' title='bbox 1045 2056 1209 2121; x_wconf 85' lang='lat' dir='ltr'><strong>pace</strong></span> <span class='ocrx_word' id='word_1_158' title='bbox 1258 2055 1456 2120; x_wconf 83' lang='lat' dir='ltr'><strong>agere</strong></span> <span class='ocrx_word' id='word_1_159' title='bbox 1507 2035 1864 2120; x_wconf 74' lang='lat' dir='ltr'><strong>incipiuntt</strong></span> <span class='ocrx_word' id='word_1_160' title='bbox 1925 2037 2388 2126; x_wconf 88' lang='lat' dir='ltr'><strong>paullatimque</strong></span> <span class='ocrx_word' id='word_1_161' title='bbox 2427 2063 2507 2105; x_wconf 87' lang='lat' dir='ltr'><strong>eo</strong></span> <span class='ocrx_word' id='word_1_162' title='bbox 2543 2064 2699 2126; x_wconf 83' lang='lat' dir='ltr'><strong>pro-</strong></span> 
     </span>
     <span class='ocr_line' id='line_1_22' title="bbox 342 2116 2701 2208; baseline 0.002 -31"><span class='ocrx_word' id='word_1_163' title='bbox 342 2116 501 2177; x_wconf 58' lang='grc' dir='ltr'><strong>ἔω·</strong></span> <span class='ocrx_word' id='word_1_164' title='bbox 705 2119 1116 2204; x_wconf 84' lang='lat' dir='ltr'><strong>grediuntur,</strong></span> <span class='ocrx_word' id='word_1_165' title='bbox 1165 2131 1257 2191; x_wconf 90' lang='lat' dir='ltr'><strong>ut,</strong></span> <span class='ocrx_word' id='word_1_166' title='bbox 1302 2118 1812 2180; x_wconf 77' lang='lat' dir='ltr'><strong>incolumitatem</strong></span> <span class='ocrx_word' id='word_1_167' title='bbox 1852 2116 2128 2180; x_wconf 83' lang='lat' dir='ltr'><strong>ducibus</strong></span> <span class='ocrx_word' id='word_1_168' title='bbox 2169 2123 2365 2206; x_wconf 84' lang='lat' dir='ltr'><strong>pacti,</strong></span> <span class='ocrx_word' id='word_1_169' title='bbox 2407 2145 2528 2208; x_wconf 85' lang='lat' dir='ltr'><strong>per</strong></span> <span class='ocrx_word' id='word_1_170' title='bbox 2559 2125 2701 2208; x_wconf 82' lang='lat' dir='ltr'><strong>pri.</strong></span> 
     </span>
    </p>

    <p class='ocr_par' dir='ltr' id='par_1_19' title="bbox 595 2199 2700 2920">
     <span class='ocr_line' id='line_1_23' title="bbox 701 2199 2700 2290; baseline 0.004 -28"><span class='ocrx_word' id='word_1_171' title='bbox 701 2221 921 2264; x_wconf 85' lang='lat' dir='ltr'><strong>mores</strong></span> <span class='ocrx_word' id='word_1_172' title='bbox 959 2199 1413 2263; x_wconf 86' lang='lat' dir='ltr'><strong>centurionum</strong></span> <span class='ocrx_word' id='word_1_173' title='bbox 1445 2200 1708 2261; x_wconf 78' lang='lat' dir='ltr'><strong>Caesari</strong></span> <span class='ocrx_word' id='word_1_174' title='bbox 1747 2199 2241 2282; x_wconf 85' lang='lat' dir='ltr'><strong>pollicerentur,</strong></span> <span class='ocrx_word' id='word_1_175' title='bbox 2287 2221 2359 2267; x_wconf 81' lang='lat' dir='ltr'><strong>se</strong></span> <span class='ocrx_word' id='word_1_176' title='bbox 2401 2206 2585 2290; x_wconf 81' lang='lat' dir='ltr'><strong>signa</strong></span> <span class='ocrx_word' id='word_1_177' title='bbox 2620 2205 2700 2270; x_wconf 88' lang='lat' dir='ltr'><strong>ad</strong></span> 
     </span>
     <span class='ocr_line' id='line_1_24' title="bbox 694 2280 2698 2364; baseline 0.003 -19"><span class='ocrx_word' id='word_1_178' title='bbox 694 2295 852 2345; x_wconf 74' lang='lat' dir='ltr'><strong>“eum</strong></span> <span class='ocrx_word' id='word_1_179' title='bbox 900 2281 1331 2345; x_wconf 75' lang='lat' dir='ltr'><strong>translaturos</strong></span> <span class='ocrx_word' id='word_1_180' title='bbox 1388 2281 1537 2345; x_wconf 77' lang='lat' dir='ltr'><strong>esse.</strong></span> <span class='ocrx_word' id='word_1_181' title='bbox 1621 2281 1836 2364; x_wconf 86' lang='lat' dir='ltr'><strong>Quum</strong></span> <span class='ocrx_word' id='word_1_182' title='bbox 1871 2280 1997 2361; x_wconf 88' lang='lat' dir='ltr'><strong>jam</strong></span> <span class='ocrx_word' id='word_1_183' title='bbox 2043 2285 2323 2347; x_wconf 88' lang='lat' dir='ltr'><strong>omnium</strong></span> <span class='ocrx_word' id='word_1_184' title='bbox 2364 2287 2698 2352; x_wconf 82' lang='lat' dir='ltr'><strong>voluntate</strong></span> 
     </span>
     <span class='ocr_line' id='line_1_25' title="bbox 698 2361 2694 2451; baseline 0.004 -26"><span class='ocrx_word' id='word_1_185' title='bbox 698 2378 824 2451; x_wconf 76' lang='lat' dir='ltr'><strong>pro</strong></span> <span class='ocrx_word' id='word_1_186' title='bbox 869 2363 1166 2430; x_wconf 80' lang='lat' dir='ltr'><strong>confecta</strong></span> <span class='ocrx_word' id='word_1_187' title='bbox 1202 2385 1326 2446; x_wconf 78' lang='lat' dir='ltr'><strong>pax</strong></span> <span class='ocrx_word' id='word_1_188' title='bbox 1356 2361 1746 2436; x_wconf 85' lang='lat' dir='ltr'><strong>haberetur,</strong></span> <span class='ocrx_word' id='word_1_189' title='bbox 1805 2377 2120 2447; x_wconf 85' lang='lat' dir='ltr'><strong>tamquam</strong></span> <span class='ocrx_word' id='word_1_190' title='bbox 2163 2389 2288 2429; x_wconf 86' lang='lat' dir='ltr'><strong>una</strong></span> <span class='ocrx_word' id='word_1_191' title='bbox 2323 2389 2403 2430; x_wconf 80' lang='lat' dir='ltr'><strong>ex</strong></span> <span class='ocrx_word' id='word_1_192' title='bbox 2441 2369 2694 2432; x_wconf 87' lang='lat' dir='ltr'><strong>duobus</strong></span> 
     </span>
     <span class='ocr_line' id='line_1_26' title="bbox 702 2445 2694 2534; baseline 0.003 -25"><span class='ocrx_word' id='word_1_193' title='bbox 702 2445 899 2510; x_wconf 81' lang='lat' dir='ltr'><strong>castra</strong></span> <span class='ocrx_word' id='word_1_194' title='bbox 937 2446 1105 2508; x_wconf 82' lang='lat' dir='ltr'><strong>facta</strong></span> <span class='ocrx_word' id='word_1_195' title='bbox 1142 2446 1384 2518; x_wconf 79' lang='lat' dir='ltr'><strong>ess&#39;ent,</strong></span> <span class='ocrx_word' id='word_1_196' title='bbox 1443 2445 1755 2528; x_wconf 84' lang='lat' dir='ltr'><strong>permixti</strong></span> <span class='ocrx_word' id='word_1_197' title='bbox 1790 2445 2073 2520; x_wconf 87' lang='lat' dir='ltr'><strong>milites,</strong></span> <span class='ocrx_word' id='word_1_198' title='bbox 2117 2463 2188 2510; x_wconf 90' lang='lat' dir='ltr'><strong>ut</strong></span> <span class='ocrx_word' id='word_1_199' title='bbox 2227 2449 2505 2534; x_wconf 78' lang='lat' dir='ltr'><strong>quisque</strong></span> <span class='ocrx_word' id='word_1_200' title='bbox 2539 2472 2694 2514; x_wconf 84' lang='lat' dir='ltr'><strong>suos</strong></span> 
     </span>
     <span class='ocr_line' id='line_1_27' title="bbox 696 2523 2695 2610; baseline 0.001 -18"><span class='ocrx_word' id='word_1_201' title='bbox 696 2526 769 2592; x_wconf 86' lang='lat' dir='ltr'><strong>in</strong></span> <span class='ocrx_word' id='word_1_202' title='bbox 803 2528 1085 2591; x_wconf 86' lang='lat' dir='ltr'><strong>tentoria</strong></span> <span class='ocrx_word' id='word_1_203' title='bbox 1119 2525 1538 2601; x_wconf 85' lang='lat' dir='ltr'><strong>abduxerant,</strong></span> <span class='ocrx_word' id='word_1_204' title='bbox 1585 2540 1693 2587; x_wconf 85' lang='lat' dir='ltr'><strong>aut</strong></span> <span class='ocrx_word' id='word_1_205' title='bbox 1723 2529 1981 2610; x_wconf 83' lang='lat' dir='ltr'><strong>sequuti</strong></span> <span class='ocrx_word' id='word_1_206' title='bbox 2014 2528 2296 2606; x_wconf 82' lang='lat' dir='ltr'><strong>fuerant,</strong></span> <span class='ocrx_word' id='word_1_207' title='bbox 2339 2533 2536 2594; x_wconf 89' lang='lat' dir='ltr'><strong>multa</strong></span> <span class='ocrx_word' id='word_1_208' title='bbox 2559 2523 2695 2594; x_wconf 84' lang='lat' dir='ltr'><strong>lac·-</strong></span> 
     </span>
     <span class='ocr_line' id='line_1_28' title="bbox 634 2608 2693 2695; baseline 0.002 -23"><span class='ocrx_word' id='word_1_209' title='bbox 634 2651 639 2654; x_wconf 92' lang='lat'><em>-</em></span> <span class='ocrx_word' id='word_1_210' title='bbox 700 2611 845 2672; x_wconf 84' lang='lat' dir='ltr'><strong>titia</strong></span> <span class='ocrx_word' id='word_1_211' title='bbox 891 2624 958 2672; x_wconf 88' lang='lat' dir='ltr'><strong>et</strong></span> <span class='ocrx_word' id='word_1_212' title='bbox 1007 2610 1439 2695; x_wconf 81' lang='lat' dir='ltr'><strong>gratulatione</strong></span> <span class='ocrx_word' id='word_1_213' title='bbox 1488 2621 1748 2670; x_wconf 88' lang='lat' dir='ltr'><strong>noctem</strong></span> <span class='ocrx_word' id='word_1_214' title='bbox 1794 2608 2229 2675; x_wconf 85' lang='lat' dir='ltr'><strong>celebrabant.</strong></span> <span class='ocrx_word' id='word_1_215' title='bbox 2313 2614 2439 2674; x_wconf 85' lang='lat' dir='ltr'><strong>His</strong></span> <span class='ocrx_word' id='word_1_216' title='bbox 2493 2614 2693 2678; x_wconf 79' lang='lat' dir='ltr'><strong>rebus</strong></span> 
     </span>
     <span class='ocr_line' id='line_1_29' title="bbox 700 2688 2690 2779; baseline 0.001 -25"><span class='ocrx_word' id='word_1_217' title='bbox 700 2691 977 2765; x_wconf 83' lang='lat' dir='ltr'><strong>auditis,</strong></span> <span class='ocrx_word' id='word_1_218' title='bbox 1038 2689 1349 2753; x_wconf 83' lang='lat' dir='ltr'><strong>Afranius</strong></span> <span class='ocrx_word' id='word_1_219' title='bbox 1389 2691 1457 2752; x_wconf 88' lang='lat' dir='ltr'><strong>in</strong></span> <span class='ocrx_word' id='word_1_220' title='bbox 1501 2688 1697 2751; x_wconf 84' lang='lat' dir='ltr'><strong>castra</strong></span> <span class='ocrx_word' id='word_1_221' title='bbox 1733 2691 2055 2766; x_wconf 86' lang='lat' dir='ltr'><strong>recurrit,</strong></span> <span class='ocrx_word' id='word_1_222' title='bbox 2114 2693 2201 2755; x_wconf 84' lang='lat' dir='ltr'><strong>ita</strong></span> <span class='ocrx_word' id='word_1_223' title='bbox 2244 2710 2690 2779; x_wconf 64' lang='lat' dir='ltr'><strong>comparatus»,</strong></span> 
     </span>
     <span class='ocr_line' id='line_1_30' title="bbox 696 2771 2694 2920; baseline 0.002 -84.759"><span class='ocrx_word' id='word_1_224' title='bbox 696 2775 801 2920; x_wconf 54' lang='lat' dir='ltr'><strong>gt,</strong></span> <span class='ocrx_word' id='word_1_225' title='bbox 854 2772 1173 2860; x_wconf 88' lang='lat' dir='ltr'><strong>quidquid</strong></span> <span class='ocrx_word' id='word_1_226' title='bbox 1211 2771 1580 2848; x_wconf 78' lang='lat' dir='ltr'><strong>accidiss&#39;et,</strong></span> <span class='ocrx_word' id='word_1_227' title='bbox 1625 2773 1875 2835; x_wconf 86' lang='lat' dir='ltr'><strong>laturus</strong></span> <span class='ocrx_word' id='word_1_228' title='bbox 1915 2793 2048 2834; x_wconf 88' lang='lat' dir='ltr'><strong>non</strong></span> <span class='ocrx_word' id='word_1_229' title='bbox 2082 2772 2311 2862; x_wconf 77' lang='lat' dir='ltr'><strong>iniquo</strong></span> <span class='ocrx_word' id='word_1_230' title='bbox 2351 2777 2562 2842; x_wconf 88' lang='lat' dir='ltr'><strong>animo</strong></span> <span class='ocrx_word' id='word_1_231' title='bbox 2591 2777 2694 2840; x_wconf 77' lang='lat' dir='ltr'><strong>vi-</strong></span> 
     </span>
     <span class='ocr_line' id='line_1_31' title="bbox 754 2871 996 2920; baseline -0.008 -2"><span class='ocrx_word' id='word_1_232' title='bbox 754 2871 996 2920; x_wconf 86' lang='lat' dir='ltr'><strong>eretur.</strong></span> 
     </span>
    </p>
   </div>
   <div class='ocr_carea' id='block_1_4' title="bbox 332 2960 2694 4031">
    <p class='ocr_par' dir='ltr' id='par_1_20' title="bbox 332 2960 2693 3300">
     <span class='ocr_line' id='line_1_32' title="bbox 392 2960 2689 3064; baseline 0.002 -40"><span class='ocrx_word' id='word_1_233' title='bbox 392 2992 637 3064; x_wconf 47' lang='lat' dir='ltr'><strong>funin,</strong></span> <span class='ocrx_word' id='word_1_234' title='bbox 825 2963 1121 3030; x_wconf 80' lang='lat' dir='ltr'><strong>xxvln.</strong></span> <span class='ocrx_word' id='word_1_235' title='bbox 1164 2961 1252 3024; x_wconf 74' lang='lat' dir='ltr'><strong>At</strong></span> <span class='ocrx_word' id='word_1_236' title='bbox 1287 2961 1590 3045; x_wconf 78' lang='lat' dir='ltr'><strong>Petreius</strong></span> <span class='ocrx_word' id='word_1_237' title='bbox 1629 2960 1941 3026; x_wconf 83' lang='lat' dir='ltr'><strong>familiam</strong></span> <span class='ocrx_word' id='word_1_238' title='bbox 1977 2978 2217 3040; x_wconf 79' lang='lat' dir='ltr'><strong>armat,</strong></span> <span class='ocrx_word' id='word_1_239' title='bbox 2261 2980 2330 3028; x_wconf 88' lang='lat' dir='ltr'><strong>et</strong></span> <span class='ocrx_word' id='word_1_240' title='bbox 2367 2986 2512 3029; x_wconf 89' lang='lat' dir='ltr'><strong>cum</strong></span> <span class='ocrx_word' id='word_1_241' title='bbox 2543 2966 2689 3042; x_wconf 79' lang='lat' dir='ltr'><strong>hac,</strong></span> 
     </span>
     <span class='ocr_line' id='line_1_33' title="bbox 332 3045 2686 3133; baseline 0.001 -25"><span class='ocrx_word' id='word_1_242' title='bbox 332 3081 456 3123; x_wconf 56' lang='grc' dir='ltr'><strong>..ῃ</strong></span> <span class='ocrx_word' id='word_1_243' title='bbox 470 3065 675 3121; x_wconf 55' lang='grc' dir='ltr'><strong>Μῶα,</strong></span> <span class='ocrx_word' id='word_1_244' title='bbox 696 3059 771 3121; x_wconf 77' lang='lat' dir='ltr'><strong>,et</strong></span> <span class='ocrx_word' id='word_1_245' title='bbox 816 3047 1147 3128; x_wconf 85' lang='lat' dir='ltr'><strong>praetoria</strong></span> <span class='ocrx_word' id='word_1_246' title='bbox 1198 3045 1512 3118; x_wconf 75' lang='lat' dir='ltr'><strong>cohorte,</strong></span> <span class='ocrx_word' id='word_1_247' title='bbox 1585 3058 1654 3108; x_wconf 92' lang='lat' dir='ltr'><strong>et</strong></span> <span class='ocrx_word' id='word_1_248' title='bbox 1701 3046 1926 3127; x_wconf 86' lang='lat' dir='ltr'><strong>paucis</strong></span> <span class='ocrx_word' id='word_1_249' title='bbox 1977 3045 2286 3111; x_wconf 79' lang='lat' dir='ltr'><strong>barbaris·</strong></span> <span class='ocrx_word' id='word_1_250' title='bbox 2318 3047 2686 3133; x_wconf 84' lang='lat' dir='ltr'><strong>equitibus,</strong></span> 
     </span>
     <span class='ocr_line' id='line_1_34' title="bbox 696 3125 2692 3215; baseline -0.001 -25"><span class='ocrx_word' id='word_1_251' title='bbox 696 3125 1145 3191; x_wconf 81' lang='lat' dir='ltr'><strong>beneficiariis</strong></span> <span class='ocrx_word' id='word_1_252' title='bbox 1195 3128 1365 3201; x_wconf 82' lang='lat' dir='ltr'><strong>suis,</strong></span> <span class='ocrx_word' id='word_1_253' title='bbox 1433 3126 1651 3190; x_wconf 85' lang='lat' dir='ltr'><strong>subito</strong></span> <span class='ocrx_word' id='word_1_254' title='bbox 1693 3125 1984 3198; x_wconf 77' lang='lat' dir='ltr'><strong>advolat,</strong></span> <span class='ocrx_word' id='word_1_255' title='bbox 2047 3141 2154 3202; x_wconf 89' lang='lat' dir='ltr'><strong>et,</strong></span> <span class='ocrx_word' id='word_1_256' title='bbox 2213 3143 2532 3215; x_wconf 85' lang='lat' dir='ltr'><strong>quotquot</strong></span> <span class='ocrx_word' id='word_1_257' title='bbox 2575 3129 2692 3191; x_wconf 72' lang='lat' dir='ltr'><strong>de.</strong></span> 
     </span>
     <span class='ocr_line' id='line_1_35' title="bbox 748 3206 2693 3300; baseline 0.002 -28"><span class='ocrx_word' id='word_1_258' title='bbox 748 3207 1115 3272; x_wconf 81' lang='lat' dir='ltr'><strong>rebendere</strong></span> <span class='ocrx_word' id='word_1_259' title='bbox 1150 3209 1451 3272; x_wconf 82' lang='lat' dir='ltr'><strong>Caesaris</strong></span> <span class='ocrx_word' id='word_1_260' title='bbox 1496 3208 1777 3271; x_wconf 86' lang='lat' dir='ltr'><strong>militum</strong></span> <span class='ocrx_word' id='word_1_261' title='bbox 1809 3206 2468 3300; x_wconf 61' lang='lat' dir='ltr'><strong>potest‚‘obtrunca3;</strong></span> <span class='ocrx_word' id='word_1_262' title='bbox 2513 3225 2693 3276; x_wconf 82' lang='lat' dir='ltr'><strong>tanto</strong></span> 
     </span>
    </p>

    <p class='ocr_par' dir='ltr' id='par_1_21' title="bbox 695 3231 2691 3376">
     <span class='ocr_line' id='line_1_36' title="bbox 695 3231 2691 3376; baseline 0.001 -24"><span class='ocrx_word' id='word_1_263' title='bbox 695 3231 931 3362; x_wconf 54' lang='lat' dir='ltr'><strong>furore</strong></span> <span class='ocrx_word' id='word_1_264' title='bbox 952 3333 969 3365; x_wconf 87' lang='lat'><strong>,</strong></span> <span class='ocrx_word' id='word_1_265' title='bbox 1014 3305 1085 3354; x_wconf 89' lang='lat' dir='ltr'><strong>ut</strong></span> <span class='ocrx_word' id='word_1_266' title='bbox 1118 3292 1313 3354; x_wconf 86' lang='lat' dir='ltr'><strong>etiam</strong></span> <span class='ocrx_word' id='word_1_267' title='bbox 1344 3293 1684 3356; x_wconf 84' lang='lat' dir='ltr'><strong>tribunum</strong></span> <span class='ocrx_word' id='word_1_268' title='bbox 1717 3311 1754 3352; x_wconf 89' lang='lat' dir='ltr'><strong>e</strong></span> <span class='ocrx_word' id='word_1_269' title='bbox 1783 3291 1920 3353; x_wconf 78' lang='lat' dir='ltr'><strong>suis</strong></span> <span class='ocrx_word' id='word_1_270' title='bbox 1941 3334 1958 3363; x_wconf 93' lang='lat'><strong>,</strong></span> <span class='ocrx_word' id='word_1_271' title='bbox 2005 3291 2121 3374; x_wconf 84' lang='lat' dir='ltr'><strong>qui</strong></span> <span class='ocrx_word' id='word_1_272' title='bbox 2154 3293 2444 3356; x_wconf 87' lang='lat' dir='ltr'><strong>retinere</strong></span> <span class='ocrx_word' id='word_1_273' title='bbox 2482 3296 2691 3376; x_wconf 85' lang='lat' dir='ltr'><strong>impe·</strong></span> 
     </span>
    </p>

    <p class='ocr_par' dir='ltr' id='par_1_22' title="bbox 666 3371 2694 3622">
     <span class='ocr_line' id='line_1_37' title="bbox 666 3371 2694 3453; baseline 0.001 -17"><span class='ocrx_word' id='word_1_274' title='bbox 666 3371 835 3450; x_wconf 72' lang='lat' dir='ltr'><strong>&#39;tum</strong></span> <span class='ocrx_word' id='word_1_275' title='bbox 874 3374 1013 3453; x_wconf 87' lang='lat' dir='ltr'><strong>ejus</strong></span> <span class='ocrx_word' id='word_1_276' title='bbox 1050 3375 1366 3446; x_wconf 84' lang='lat' dir='ltr'><strong>voluerat,</strong></span> <span class='ocrx_word' id='word_1_277' title='bbox 1410 3373 1825 3442; x_wconf 78' lang='lat' dir='ltr'><strong>confoderet.</strong></span> <span class='ocrx_word' id='word_1_278' title='bbox 1909 3373 2170 3436; x_wconf 85' lang='lat' dir='ltr'><strong>Deinde</strong></span> <span class='ocrx_word' id='word_1_279' title='bbox 2197 3373 2363 3436; x_wconf 82' lang='lat' dir='ltr'><strong>flens</strong></span> <span class='ocrx_word' id='word_1_280' title='bbox 2389 3374 2694 3438; x_wconf 85' lang='lat' dir='ltr'><strong>circumit</strong></span> 
     </span>
     <span class='ocr_line' id='line_1_38' title="bbox 694 3453 2692 3539; baseline 0 -21"><span class='ocrx_word' id='word_1_281' title='bbox 694 3455 1103 3538; x_wconf 79' lang='lat' dir='ltr'><strong>manipulos,</strong></span> <span class='ocrx_word' id='word_1_282' title='bbox 1151 3478 1235 3520; x_wconf 89' lang='lat' dir='ltr'><strong>ne</strong></span> <span class='ocrx_word' id='word_1_283' title='bbox 1274 3477 1382 3532; x_wconf 89' lang='lat' dir='ltr'><strong>se,</strong></span> <span class='ocrx_word' id='word_1_284' title='bbox 1426 3479 1558 3520; x_wconf 89' lang='lat' dir='ltr'><strong>neu</strong></span> <span class='ocrx_word' id='word_1_285' title='bbox 1583 3453 1966 3539; x_wconf 78' lang='lat' dir='ltr'><strong>Pompeium</strong></span> <span class='ocrx_word' id='word_1_286' title='bbox 2010 3455 2346 3518; x_wconf 77' lang='lat' dir='ltr'><strong>absentem</strong></span> <span class='ocrx_word' id='word_1_287' title='bbox 2383 3457 2692 3518; x_wconf 76' lang='lat' dir='ltr'><strong>deserant</strong></span> 
     </span>
     <span class='ocr_line' id='line_1_39' title="bbox 696 3534 2692 3622; baseline 0 -24"><span class='ocrx_word' id='word_1_288' title='bbox 696 3535 1148 3622; x_wconf 82' lang='lat' dir='ltr'><strong>prodantque,</strong></span> <span class='ocrx_word' id='word_1_289' title='bbox 1205 3534 1532 3602; x_wconf 85' lang='lat' dir='ltr'><strong>obsecrat.</strong></span> <span class='ocrx_word' id='word_1_290' title='bbox 1613 3538 1849 3611; x_wconf 78' lang='lat' dir='ltr'><strong>Miles,</strong></span> <span class='ocrx_word' id='word_1_291' title='bbox 1903 3535 2118 3598; x_wconf 87' lang='lat' dir='ltr'><strong>subito</strong></span> <span class='ocrx_word' id='word_1_292' title='bbox 2157 3537 2505 3600; x_wconf 84' lang='lat' dir='ltr'><strong>immutatis</strong></span> <span class='ocrx_word' id='word_1_293' title='bbox 2551 3537 2692 3598; x_wconf 76' lang='lat' dir='ltr'><strong>ani-</strong></span> 
     </span>
    </p>

    <p class='ocr_par' dir='ltr' id='par_1_23' title="bbox 694 3617 2690 3703">
     <span class='ocr_line' id='line_1_40' title="bbox 694 3617 2690 3703; baseline 0.001 -25"><span class='ocrx_word' id='word_1_294' title='bbox 694 3618 824 3679; x_wconf 83' lang='lat' dir='ltr'><strong>mis</strong></span> <span class='ocrx_word' id='word_1_295' title='bbox 846 3661 863 3690; x_wconf 89' lang='lat'><strong>‚</strong></span> <span class='ocrx_word' id='word_1_296' title='bbox 923 3619 993 3680; x_wconf 91' lang='lat' dir='ltr'><strong>in</strong></span> <span class='ocrx_word' id='word_1_297' title='bbox 1031 3621 1437 3703; x_wconf 83' lang='lat' dir='ltr'><strong>praetorium</strong></span> <span class='ocrx_word' id='word_1_298' title='bbox 1471 3619 1828 3682; x_wconf 88' lang='lat' dir='ltr'><strong>concurrit.</strong></span> <span class='ocrx_word' id='word_1_299' title='bbox 1910 3618 2010 3678; x_wconf 83' lang='lat' dir='ltr'><strong>lbi</strong></span> <span class='ocrx_word' id='word_1_300' title='bbox 2046 3617 2488 3700; x_wconf 87' lang='lat' dir='ltr'><strong>jusjurandum</strong></span> <span class='ocrx_word' id='word_1_301' title='bbox 2531 3638 2690 3681; x_wconf 84' lang='lat' dir='ltr'><strong>con·</strong></span> 
     </span>
    </p>

    <p class='ocr_par' dir='ltr' id='par_1_24' title="bbox 698 3701 2688 3785">
     <span class='ocr_line' id='line_1_41' title="bbox 698 3701 2688 3785; baseline -0.003 -21"><span class='ocrx_word' id='word_1_302' title='bbox 698 3701 865 3785; x_wconf 83' lang='lat' dir='ltr'><strong>cipit</strong></span> <span class='ocrx_word' id='word_1_303' title='bbox 888 3702 1229 3781; x_wconf 73' lang='lat' dir='ltr'><strong>Petreius,</strong></span> <span class='ocrx_word' id='word_1_304' title='bbox 1266 3701 1331 3784; x_wconf 64' lang='lat' dir='ltr'><strong>J}</strong></span> <span class='ocrx_word' id='word_1_305' title='bbox 1365 3707 1667 3762; x_wconf 74' lang='lat' dir='ltr'><strong>exercitum</strong></span> <span class='ocrx_word' id='word_1_306' title='bbox 1705 3701 1965 3781; x_wconf 85' lang='lat' dir='ltr'><strong>ducesque</strong></span> <span class='ocrx_word' id='word_1_307' title='bbox 2003 3721 2112 3760; x_wconf 84' lang='lat' dir='ltr'><strong>non</strong></span> <span class='ocrx_word' id='word_1_308' title='bbox 2147 3703 2538 3783; x_wconf 78' lang='lat' dir='ltr'><strong>proditurum,</strong></span> <span class='ocrx_word' id='word_1_309' title='bbox 2589 3722 2688 3758; x_wconf 78' lang='lat' dir='ltr'><strong>ne-</strong></span> 
     </span>
    </p>

    <p class='ocr_par' dir='ltr' id='par_1_25' title="bbox 698 3779 2687 3865">
     <span class='ocr_line' id='line_1_42' title="bbox 698 3779 2687 3865; baseline -0.003 -21"><span class='ocrx_word' id='word_1_310' title='bbox 698 3801 805 3864; x_wconf 81' lang='lat' dir='ltr'><strong>que</strong></span> <span class='ocrx_word' id='word_1_311' title='bbox 842 3783 1193 3865; x_wconf 71' lang='lat' dir='ltr'><strong>deserturum</strong></span> <span class='ocrx_word' id='word_1_312' title='bbox 1209 3824 1228 3856; x_wconf 87' lang='lat'><strong>,</strong></span> <span class='ocrx_word' id='word_1_313' title='bbox 1289 3803 1458 3862; x_wconf 80' lang='lat' dir='ltr'><strong>neque</strong></span> <span class='ocrx_word' id='word_1_314' title='bbox 1499 3779 1595 3858; x_wconf 75' lang='lat' dir='ltr'><strong>fibi</strong></span> <span class='ocrx_word' id='word_1_315' title='bbox 1617 3781 1918 3862; x_wconf 56' lang='lat' dir='ltr'><strong>siparatim</strong></span> <span class='ocrx_word' id='word_1_316' title='bbox 1953 3803 1986 3841; x_wconf 85' lang='lat' dir='ltr'><strong>a</strong></span> <span class='ocrx_word' id='word_1_317' title='bbox 2024 3782 2250 3862; x_wconf 84' lang='lat' dir='ltr'><strong>reliquis</strong></span> <span class='ocrx_word' id='word_1_318' title='bbox 2290 3781 2560 3865; x_wconf 74' lang='lat' dir='ltr'><strong>confilium</strong></span> <span class='ocrx_word' id='word_1_319' title='bbox 2593 3799 2687 3840; x_wconf 82' lang='lat' dir='ltr'><strong>ca-</strong></span> 
     </span>
    </p>

    <p class='ocr_par' dir='ltr' id='par_1_26' title="bbox 694 3862 2686 3948">
     <span class='ocr_line' id='line_1_43' title="bbox 694 3862 2686 3948; baseline -0.002 -22"><span class='ocrx_word' id='word_1_320' title='bbox 694 3881 945 3948; x_wconf 80' lang='lat' dir='ltr'><strong>pturum.</strong></span> <span class='ocrx_word' id='word_1_321' title='bbox 1030 3867 1105 3926; x_wconf 89' lang='lat' dir='ltr'><strong>In</strong></span> <span class='ocrx_word' id='word_1_322' title='bbox 1140 3863 1303 3925; x_wconf 84' lang='lat' dir='ltr'><strong>haec</strong></span> <span class='ocrx_word' id='word_1_323' title='bbox 1337 3865 1538 3926; x_wconf 79' lang='lat' dir='ltr'><strong>verba</strong></span> <span class='ocrx_word' id='word_1_324' title='bbox 1575 3862 1745 3944; x_wconf 79' lang='lat' dir='ltr'><strong>iurat</strong></span> <span class='ocrx_word' id='word_1_325' title='bbox 1781 3863 1926 3948; x_wconf 86' lang='lat' dir='ltr'><strong>ipse</strong></span> <span class='ocrx_word' id='word_1_326' title='bbox 1962 3865 2186 3948; x_wconf 83' lang='lat' dir='ltr'><strong>prior:</strong></span> <span class='ocrx_word' id='word_1_327' title='bbox 2245 3863 2446 3947; x_wconf 84' lang='lat' dir='ltr'><strong>adigit</strong></span> <span class='ocrx_word' id='word_1_328' title='bbox 2492 3875 2557 3924; x_wconf 90' lang='lat' dir='ltr'><strong>et</strong></span> <span class='ocrx_word' id='word_1_329' title='bbox 2593 3863 2686 3922; x_wconf 90' lang='lat' dir='ltr'><strong>A-</strong></span> 
     </span>
    </p>

    <p class='ocr_par' dir='ltr' id='par_1_27' title="bbox 562 3943 2686 4031">
     <span class='ocr_line' id='line_1_44' title="bbox 562 3943 2686 4031; baseline -0.001 -20"><span class='ocrx_word' id='word_1_330' title='bbox 562 4003 577 4020; x_wconf 77' lang='grc'>,</span> <span class='ocrx_word' id='word_1_331' title='bbox 652 3987 667 4006; x_wconf 85' lang='lat'><strong>.</strong></span> <span class='ocrx_word' id='word_1_332' title='bbox 696 3945 984 4011; x_wconf 80' lang='lat' dir='ltr'><strong>franium</strong></span> <span class='ocrx_word' id='word_1_333' title='bbox 1032 3948 1105 4008; x_wconf 86' lang='lat' dir='ltr'><strong>in</strong></span> <span class='ocrx_word' id='word_1_334' title='bbox 1156 3946 1420 4008; x_wconf 73' lang='lat' dir='ltr'><strong>eademz</strong></span> <span class='ocrx_word' id='word_1_335' title='bbox 1486 3945 1737 4009; x_wconf 89' lang='lat' dir='ltr'><strong>tribuni</strong></span> <span class='ocrx_word' id='word_1_336' title='bbox 1791 3947 2380 4031; x_wconf 84' lang='lat' dir='ltr'><strong>centurionesque,</strong></span> <span class='ocrx_word' id='word_1_337' title='bbox 2443 3943 2686 4012; x_wconf 79' lang='lat' dir='ltr'><strong>deinde</strong></span> 
     </span>
    </p>
   </div>
   <div class='ocr_carea' id='block_1_5' title="bbox 662 4134 1720 4215">
    <p class='ocr_par' dir='ltr' id='par_1_28' title="bbox 662 4134 1720 4215">
     <span class='ocr_line' id='line_1_45' title="bbox 662 4134 1720 4215; baseline 0 -21"><span class='ocrx_word' id='word_1_338' title='bbox 662 4189 667 4194; x_wconf 89' lang='lat'><strong>.</strong></span> <span class='ocrx_word' id='word_1_339' title='bbox 766 4136 921 4212; x_wconf 65' lang='lat' dir='ltr'><strong>esp.</strong></span> <span class='ocrx_word' id='word_1_340' title='bbox 948 4134 1215 4199; x_wconf 82' lang='lat' dir='ltr'><strong>xxvm.</strong></span> <span class='ocrx_word' id='word_1_341' title='bbox 1250 4134 1510 4215; x_wconf 70' lang='lat' dir='ltr'><strong>Appian.</strong></span> <span class='ocrx_word' id='word_1_342' title='bbox 1547 4137 1720 4199; x_wconf 65' lang='lat' dir='ltr'><strong>Cae».</strong></span> 
     </span>
    </p>
   </div>
  </div>
 </body>
</html>
