2892 4684
493 299 505 314 ,
600 337 611 346 .
702 287 783 354 66
874 257 2132 354 FRE1NSH.SUPPLEMENTORUM
2157 283 2594 354 Lm.1.xxv.

374 507 447 563 U.
474 524 524 562 e.
551 509 677 576 ‘7⁰3-
704 497 878 575 detis,
920 498 1137 582 inquit
1156 541 1173 572 ‚
1218 497 1399 557 eadem
1434 499 1612 556 omnia
1655 515 1710 555 et
1753 493 1848 557 hos
1891 518 1945 559 et
1976 495 2238 584 perfugas·
2281 494 2553 578 Uticenses
2591 495 2686 556 di-

288 588 305 610 *
370 578 642 648 *LO-49·
703 599 839 641 cere.
930 582 1185 642 Summa
1230 577 1470 640 deinde
1507 575 1912 640 festinatione
1950 578 2260 663 procedit
2299 577 2378 638 ad
2415 574 2684 639 hostem.

376 689 381 694 ’
703 665 788 722 At
824 663 935 724 ille
964 661 1379 724 simulatione
1412 659 1668 735 timoris
1703 661 2027 742 paullatim
2063 659 2260 732 cedit,
2303 659 2688 739 juvenilem-

698 763 825 826 que
876 745 1153 806 animum
1198 742 1403 824 magis
1442 741 1778 823 magisque
1811 761 2014 816 vanae
2049 741 2397 803 alacritatis
2435 742 2684 825 implet.

698 826 810 886 Sic
848 827 914 885 in
950 837 1248 908 patentes
1286 843 1419 884 cam
1474 841 1548 882 os
1589 829 1976 904 protractus»,
2022 824 2310 908 equitatu
2339 823 2688 886 Numidico

679 906 1227 968 circumvenitur.
1312 907 1433 966 Fel
1464 926 1487 963 ι
1541 914 1725 963 erant
1765 904 2040 964 Romani
2090 905 2345 1000 equites
2394 906 2687 990 pedites-

700 1009 829 1072 que
876 989 1133 1049 itineris
1181 983 1693 1068 longinquitate,
1759 985 2042 1048 sedecim
2078 985 2368 1048 millibus
2401 987 2691 1070 passuum

701 1069 1058 1146 consectis;
1132 1067 1387 1150 equites
1454 1065 1644 1127 etiam
1708 1067 2072 1148 superioris
2134 1069 2346 1129 noctis
2403 1069 2689 1152 proelio.

589 1153 599 1174 ¹
700 1149 938 1232 igitur,
987 1169 1182 1234 quum
1220 1167 1433 1244 neque
1473 1145 1719 1207 timidis
1755 1147 1836 1208 ad
1867 1149 2117 1234 fugam,
2159 1150 2692 1232 neque'fortibus

700 1233 779 1292 ad
820 1229 1452 1316 pugnandum,v1res
1490 1229 1926 1310 supere-ssent,
1957 1229 2318 1292 'occidione
2359 1247 2535 1293 totus
2577 1253 2692 1294 ex-

702 1316 945 1379 ercitus
976 1310 1291 1376 caeditur.
1355 1314 1504 1393 Ipse
1529 1309 1753 1382 Curio,
1791 1332 1984 1395 quum
2008 1316 2122 1376 Cn.
2143 1313 2473 1377 Domitius
2495 1333 2688 1398 prae-

700 1395 915 1457 fectus
934 1394 1223 1477 equitum
1242 1390 1638 1467 hortaretur,
1669 1405 1742 1453 ut
1761 1393 1911 1476 fuga
1929 1397 2196 1456 salutem
2217 1409 2494 1478 peteret,
2525 1415 2686 1455 num-

702 1495 863 1558 quam
894 1475 958 1558 fi·
992 1493 1317 1548 venturum,
1380 1473 1580 1546 dixit,
1643 1475 1701 1532 in
1757 1478 2086 1556 conspectum
2141 1477 2422 1557 Caesaris,
2480 1475 2682 1556 amiffb,

704 1579 858 1638 quem
884 1558 1017 1636 fisae
1041 1553 1180 1634 fidei
1214 1552 1559 1635 credidisset,
1605 1551 1869 1616 exercitu.
1939 1571 2130 1642 atque
2165 1557 2288 1630 ita,
2337 1572 2407 1619 ut
2444 1577 2552 1618 res
2587 1571 2687 1632 te-

704 1639 1001 1700 meritate
1046 1657 1156 1698 sua
1191 1634 1483 1720 perditas
1523 1650 1734 1697 morte
1772 1653 2180 1733 sequeretur,
2225 1640 2558 1722 proelians
2589 1639 2690 1699 in-

704 1720 1024 1782 terfectus
1074 1717 1182 1780 est.
1266 1719 1391 1778 His
1438 1718 1637 1780 rebus
1681 1719 1952 1790 audine.
1995 1741 2224 1792 naves,
2271 1719 2435 1804 quae
2468 1721 2546 1780 ad
2584 1741 2691 1782 ca-

702 1799 825 1864 stra
862 1801 1164 1864 Cornelia
1206 1795 1480 1872 stabant,
1550 1819 1692 1859 cum
1747 1802 1968 1884 paucis
2022 1801 2374 1878 militibus,
2439 1803 2551 1886 qui
2609 1801 2694 1862 ad

702 1883 975 1968 primam
1010 1884 1113 1944 rei
1149 1881 1379 1945 famam
1420 1901 1504 1943 eo
1537 1879 1981 1955 decurrerant,
2023 1883 2090 1942 in
2127 1883 2418 1945 Siciliam
2455 1883 2692 1944 celeri·
2759 1907 2766 1914 ’

702 1978 809 2026 ter
856 1986 927 2026 se
972 1977 1389 2048 receperunt.
1475 1963 1740 2047 Reliqui
1793 1963 1984 2044 (nam
2037 1965 2326 2048 quinque
2382 1965 2690 2028 cohortes
2747 1967 2755 1972 “

702 2045 1037 2130 praesidio
1092 2047 1362 2108 relictae
1417 2041 1639 2106 castris
1693 2043 2001 2128 fuerant)
2065 2047 2236 2140 Varo
2291 2067 2363 2110 ae
2417 2045 2692 2110 dedide-

660 2193 665 2200 ,
696 2141 891 2190 ῐιιιιῑῴ
1348 2151 1353 2156 ·

383 2291 565 2358 &abac
591 2303 685 2344 ar·
824 2276 1025 2340 va.
1080 2275 1385 2339 Ceterum
1418 2275 1619 2355 suba,
1667 2295 1821 2340 suae
1855 2273 2174 2338 victoriae
2213 2270 2500 2356 praemia
2531 2231 2694 2334 alie—-

233 2401 241 2422 .
330 2363 600 2433 rogantia.
644 2439 649 2444 ἱ
706 2380 795 2423 no
830 2358 1105 2420 arbitrio
1140 2359 1347 2420 minui
1380 2378 1514 2422 non
1551 2358 1728 2442 poss'e
1761 2359 2100 2429 dictitans,
2143 2374 2434 2438 magnam
2467 2373 2692 2414 eorum

707 2455 967 2527 partem.
1006 2440 1380 2504 interfecit:
1444 2454 1704 2503 ceteros
1753 2440 1930 2512 misit
1973 2441 2040 2500 in
2078 2455 2351 2520 regnum
2377 2477 2394 2508 ,
2457 2432 2693 2496 frustra

404 2548 418 2578 x
690 2536 1153 2606 'conquerente
1180 2525 1383 2596 Varo,
1430 2543 1606 2585 suam
1643 2521 1839 2584 fidem
1876 2521 1954 2582 ab
1990 2541 2070 2582 eo
2103 2518 2296 2581 laedi.
2371 2515 2504 2578 Sed
2544 2534 2693 2576 eum

600 2629 607 2634 ·
710 2605 873 2668 adeo
903 2623 1021 2666 rex
1048 2605 1521 2680 contemnebat,
1566 2618 1639 2668 ut
1665 2606 1734 2666 iu
1765 2603 2074 2688 oppidum
2106 2603 2426 2674 invectus,
2471 2597 2694 2658 multia

706 2688 936 2772 populi
964 2675 1236 2747 Romani
1275 2687 1686 2750 senatoribus
1707 2682 2309 2786 prosequentibus,
2353 2699 2518 2764 quae
2543 2675 2700 2740 fieri

711 2769 913 2832 vellet
949 2769 1173 2830 Uticae
1212 2781 1403 2851 atque
1444 2770 1512 2830 in
1549 2771 1922 2851 provincia,
1981 2786 2106 2851 pro
2145 2767 2230 2828 im
2283 2763 2424 2825 erio
2464 2757 2704 2823 consti-

707 2861 951 2912 tueret.
1026 2849 1263 2932 quibus
1307 2849 1566 2912 effectis
1603 2852 1835 2924 rebus,
1881 2849 2100 2933 paullo
2133 2869 2222 2932 po
2311 2853 2455 2908 cum
2489 2839 2704 2904 omni-

710 2928 835 2992 hus
882 2933 1094 3014 copiis
1139 2931 1205 2991 in
1242 2951 1518 3013 regnum
1555 2932 1778 2995 rediit.
1863 2933 2046 2992 Haec
2092 2927 2420 3014 postquam
2466 2926 2536 2986 in
2585 2944 2706 2984 ur-

710 3011 862 3074 bem
901 3027 965 3074 et
1006 3014 1073 3074 in
1110 3013 1551 3074 Macedoniam
1589 3015 1886 3076 nunciata
1921 3026 2102 3084 sunt,
2150 3011 2516 3076 diversam,
2570 3023 2704 3088 pro

713 3093 1107 3156 dissensione
1145 3095 1540 3167 animorum,
1589 3115 1625 3156 a
1653 3097 1960 3156 Romanis
1993 3091 2370 3155 ‘mercedem
2398 3086 2561 3152 ,Iuba
2599 3101 2707 3148 tu-

674 3215 681 3225 ·
712 3175 833 3237 lit..
858 3177 1207 3260 Pompeius
1229 3218 1245 3247 ,
1292 3189 1359 3238 et
1395 3177 1508 3260 qui
1549 3196 1690 3239 cum
1733 3198 1814 3238 eo
1847 3189 2031 3238 erant
2053 3217 2070 3248 ,
2129 3173 2450 3235 honorem
2489 3169 2553 3231 ei
2587 3168 2708 3229 ha-

713 3255 1028 3332 huerunt,
1091 3273 1445 3343 regemque
1497 3260 1938 3343 appellarunt:
1998 3272 2063 3318 at
2095 3257 2335 3318 Caesar
2371 3267 2437 3316 et
2468 3249 2707 3312 urbani

712 3338 1080 3420 judicarunt
1126 3337 1409 3415 hostem,
1471 3339 1932 3426 Bocchumque
1977 3353 2042 3402 et
2081 3343 2180 3401 Bo
2229 3336 2460 3408 udem,
2524 3329 2709 3416 quod

717 3421 857 3502 ejus
916 3422 1119 3484 ess'ent
1172 3422 1579 3499 adversarii,
1657 3443 1852 3507 reges
1897 3421 2192 3508 appellan
2243 3438 2317 3480 os
2372 3418 2707 3479 ess'ecen-
2815 3461 2830 3477 .

721 3517 1011 3564 suerunt.

2188 3583 2197 3591 x

382 3657 463 3714 M.
486 3655 713 3712 occavit·
838 3653 1066 3715 LXVI.
1111 3652 1375 3714 interim
1414 3651 1482 3712 in
1519 3650 1832 3714 Dalmatia
1865 3655 1956 3712 M.
1989 3647 2342 3722 Octavius,
2386 3644 2526 3731 post
2561 3643 2698 3707 dis-

344 3725 696 3810 &fia-3⁸94·
722 3734 956 3796 cess'um
992 3734 1485 3796 Liburnicarum
1523 3733 1778 3793 navium
1803 3775 1818 3802 ,
1911 3733 2098 3796 uibus
2139 3730 2538 3794 Antonianos
2575 3727 2700 3786 mi..

346 3808 545 3852 mum·
722 3817 873 3878 lites
914 3815 993 3876 ad
1024 3820 1181 3876 Pom
1234 3815 1404 3889 eium
1437 3814 1606 3884 Libo
1645 3755 2004 3877 deducant
2028 3859 2045 3886 ,
2089 3816 2305 3884 Iss'am,
2351 3810 2705 3871 insularum

725 3917 807 3960 eo
852 3910 1063 3958 tractu
1108 3915 1194 3956 no
1242 3896 1596 3969 iliffimam,
1656 3896 1733 3957 ab
1775 3897 2056 3960 amicitia
2093 3893 2392 3960 Caesaris
2433 3889 2702 3952 avertite

764 4051 945 4188 tCap.
960 4105 1134 4160 LXV.
1174 4104 1312 4160 Dio.
1356 4099 1753 4175 Lucani.5,56.
1787 4102 1929 4158 Dio.
1997 4061 2371 4178 Cap0LssV1.
2409 4099 2581 4158 caes,
2617 4096 2713 4156 οἱ.

726 4173 832 4236 ul·
864 4177 922 4235 3.
950 4175 1151 4238 ,Orom
1186 4176 1253 4246 6,
1298 4173 1381 4234 15.
1747 4227 1766 4238 ,

2455 4377 2482 4408 O
