2892 4684
611 298 705 362 IN
744 294 1050 373 Locum
1092 296 1260 359 Lm.
1300 294 1598 363 CXXIV.
1639 295 1871 364 mvn.
2121 294 2242 373 433

237 526 382 567 ram
424 505 662 576 aciem,
713 524 901 588 quam
939 506 1175 567 Caesar
1218 506 1649 589 opposuerat,
1693 505 1969 588 perfert.
2059 504 2237 568 Sini·
2298 502 2590 571 {Lm-710·

238 585 439 648 strum
476 586 545 647 id
578 586 849 649 hostium
882 604 1085 648 cornu
1120 601 1293 648 erate
1337 586 1407 647 id
1448 605 1706 671 quoque
1739 585 2066 649 circumiit
2093 608 2238 649 cum
2299 574 2573 640 A.0.4¹.

240 670 513 751 legione
566 690 678 729 sua
720 667 1039 741 Meffaila,
1104 666 1566 751 sequentibus,
1635 689 1796 750 quae
1835 670 2006 746 j'uxta
2055 681 2241 732 crant

245 752 638 811 collocataez
702 769 705 771 ’
744 749 1053 832 sucisque
1094 750 1233 828 ejus
1274 763 1342 813 ct
1376 750 1686 811 extremis
1725 749 2065 811 ordinibus
2108 750 2246 812 dis·-

242 831 460 913 jectis,
505 832 573 891 in
608 772 802 893 caffra
836 829 1131 892 Caesaris
1164 844 1568 913 penetratur.
1624 851 1849 913 magna
1883 830 1977 891 ibi
2009 832 2245 894 caedes

243 912 414 975 facta
446 932 693 984 eorum,
743 910 855 1005 qui
890 910 1285 1007 deprehensi
1320 912 1387 972 in
1422 909 1642 973 castris
1681 927 1888 973 erant.
1935 912 2105 976 inter
2135 930 2247 974 ce.

244 1008 425 1055 teros
458 992 587 1053 duo
627 993 824 1054 millia
862 1012 1077 1054 occisa
1110 993 1596 1075 Spartanorum,
1642 994 1753 1076 qui
1787 1012 2022 1055 recens
2049 994 2243 1057 domo

222 1076 673 1138 ‘advenerann
760 1077 907 1156 lpse
948 1076 1221 1145 Caesar,
1267 1074 1522 1135 Artorii
1561 1089 1796 1155 rogatu=
1831 1076 2046 1157 pauno
2090 1090 2239 1137 ante

238 1154 462 1217 castris
511 1158 751 1228 elatus,
820 1155 1090 1217 evitavit
1125 1168 1364 1216 certam
1406 1154 1805 1237 perniciem,
1867 1157 2022 1217 licet
2064 1177 2237 1217 sum-

236 1258 350 1299 mo
395 1236 791 1310 discrimine,
821 1255 893 1296 ac
932 1235 1238 1298 molestia.
1314 1255 1458 1295 nam
1498 1250 1565 1297 et
1597 1257 1796 1297 vacua
1830 1238 2060 1297 lectica
2097 1238 2234 1317 ejus

289 1320 395 1380 ilis
436 1333 625 1402 atque
664 1317 891 1397 jaculis
933 1318 1273 1379 transfoss'a
1312 1314 1443 1393 est3
1487 1330 1552 1379 et
1588 1319 1734 1402 ipse
1767 1318 1989 1379 triduo
2025 1318 2090 1377 in
2121 1340 2236 1401 pa-

234 1340 397 1461 fude
437 1414 779 1481 aegrotus,
833 1410 932 1471 et,
978 1411 1050 1460 ut
1082 1400 1371 1494 Agrippa
1407 1400 1883 1482 Maecenasque
1923 1398 2230 1474 fatentur,

236 1502 400 1565 aqua
446 1496 675 1563 supter
716 1492 927 1541 cutem
969 1480 1109 1542 fusa
1154 1480 1452 1564 turgidus
1487 1481 1693 1553 latuit,
1741 1482 1950 1543 donec
1984 1480 2065 1540 ad
2091 1482 2232 1541 An-

236 1564 407 1624 tonii
448 1582 650 1623 cornu
690 1561 840 1644 fuga
880 1561 1284 1645 perveniret.
1386 1562 1650 1623 Interim
1701 1575 1769 1623 et
1799 1565 2042 1622 Brutus
2086 1580 2232 1623 cum

236 1646 481 1705 ceteris
538 1643 749 1726 copiis
804 1656 1187 1726 perruperat
1236 1644 1534 1705 Caesaris
1586 1642 1827 1705 aciemz
1891 1640 2231 1725 stratisque
2292 1656 2300 1665 ‘

234 1723 451 1787 tribus
494 1724 896 1807 legionibus,
955 1739 1019 1785 et
1062 1723 1331 1785 totidem
1378 1724 1613 1807 aquilis
1653 1725 1893 1809 captis,
1939 1742 2096 1785 cum·
2125 1722 2232 1785 fu-

237 1806 569 1890 gientibus
610 1807 676 1865 in
716 1803 911 1867 castra
944 1804 1215 1867 hostium
1254 1802 1594 1867 inciderat.

362 1912 472 1973 IX.
516 1912 682 1971 Mira
726 1930 805 1973 eo
843 1911 953 1974 die
994 1910 1197 1973 facies
1241 1930 1464 1973 rerum
1506 1908 1667 1984 fuit,
1729 1930 1922 1992 quum
1965 1911 2228 1973 fortuna
2287 1916 2563 1987 Amblgua

234 1994 444 2077 magis
488 1993 735 2067 omnia,
776 2011 965 2075 quam
997 2007 1105 2055 aut
1134 1994 1371 2055 virtute
1407 2007 1514 2054 aut
1549 1992 1824 2053 consilio
1850 2036 1865 2065 ,
1915 2014 2220 2075 regeren-
2249 1987 2507 2041 ”fuma-

236 2068 395 2136 tur.'
452 2078 674 2157 Itaque
719 2095 840 2136 nec
882 2074 1313 2157 scriptoribus
1361 2077 1515 2137 satis
1556 2074 1727 2135 inter
1770 2094 1841 2133 se
1886 2072 2228 2136 convenitss

232 2175 453 2239 neque
515 2156 825 2237 explicari
880 2156 1350 2252 propemodum
1416 2175 1524 2218 res
1583 2169 1718 2217 tota
1783 2154 2026 2253 potest3
2099 2158 2229 2217 nisi

234 2238 413 2319 quod
455 2237 610 2299 hinc
648 2238 942 2298 Caesaris
998 2238 1362 2310 exercitus,
1430 2239 1585 2301 inde
1617 2236 1807 2298 Cass’ii
1852 2256 2078 2298 caesus
2123 2236 2228 2298 su-

235 2333 555 2402 gatusque
600 2316 724 2389 cst,
800 2318 1172 2380 intersectis
1212 2320 1649 2381 Cass'ianorum
1701 2332 1848 2379 octo
1893 2318 2222 2391 millibus,

238 2400 719 2460 connumeratis
769 2412 834 2461 et
876 2402 1087 2461 servis
1134 2402 1391 2462 armatis
1418 2444 1433 2473 ‚
1482 2420 1644 2491 quqs
1680 2398 1913 2481 Brigas
1954 2401 2226 2463 vocabat

233 2483 538 2552 Brutuss
588 2496 652 2543 et
704 2482 1233 2542 Caesarianorum
1295 2482 1582 2544 millibus
1645 2480 1951 2542 sedecim.
2032 2479 2227 2544 castra

238 2582 369 2645 quo
463 2584 498 2624 e
558 2564 751 2624 utrina
804 2583 884 2623 ue
941 2578 1121 2647 capta
1180 2578 1363 2624 sunt=
1434 2582 1630 2647 quum
1681 2580 1894 2644 neque
1945 2564 2222 2636 Caesar,

237 2663 371 2725 quo
444 2656 693 2708 certum
725 2644 765 2705 e
816 2686 831 2717 ‚
876 2652 1115 2727 neque}
1154 2660 1227 2706 ut
1264 2666 1297 2705 a
1335 2646 1555 2706 multis
1586 2641 1673 2705 est
1699 2644 2036 2712 creditum,
2087 2644 2224 2705 An·

233 2724 495 2800 tonius,
557 2744 812 2808 pugnae
862 2724 1224 2788 adfuiss'ent.
1312 2726 1443 2788 Sed
1495 2725 1882 2797 Antoniani,
1945 2724 2221 2804 disjecto

236 2805 431 2865 cami
466 2826 705 2890 opere,
754 2826 1111 2889 caesoque,
1162 2806 1334 2889 quod
1368 2808 1624 2880 aderat,
1717 2805 2024 2877 raesidio‚
2071 2805 2226 2867 sub-'

229 2886 445 2947 miffas
488 2890 682 2950 etiam
720 2888 960 2949 auxilio
998 2890 1219 2971 copias
1254 2886 1456 2949 statim
1489 2908 1570 2971 pe
1620 2910 1662 2947 u
1690 2900 1910 2961 erunt,
1977 2888 2220 2969 equiti-

227 2964 355 3027 bus
396 2983 703 3031 contento
738 2989 934 3031 cursu
979 2970 1057 3029 ad
1101 2988 1275 3030 mare
1311 2970 1592 3053 fugienti
1639 2990 1733 3033 us.
1801 2988 1924 3029 nec
1959 2968 2215 3051 pedites

226 3049 509 3131 retineri
548 3064 938 3134 potuerunt,
996 3070 1371 3133 quamquam
1419 3053 1631 3112 omnia
1665 3048 1949 3111 faciente
1980 3048 2212 3122 Gamo,

230 3131 344 3211 qui
394 3144 462 3192 et
514 3147 809 3214 creptum
853 3130 1131 3213 fugienti
1175 3130 1496 3213 signifero
1535 3132 1788 3214 signum
1826 3144 1971 3193 ante
2007 3130 2212 3213 pedes

226 3208 409 3275 hu'ini
458 3210 793 3274 defixerat.
892 3214 1156 3274 interim
1202 3213 1280 3274 ad
1323 3212 1517 3275 castra
1559 3214 1700 3296 ipsa
1738 3210 2212 3273 contenderunt

221 3288 471 3369 hostes,
535 3306 853 3378 quotquot
897 3292 1219 3374 objectum
1258 3315 1292 3354 a
1324 3295 1632 3358 Cass'ianis
1680 3314 1843 3377 opus
1887 3310 2206 3377 perrupe-

220 3388 407 3437 rant:
464 3396 669 3457 eaque
714 3396 823 3435 res
865 3374 1307 3438 animadversa
1357 3390 1728 3439 ceterorum
1771 3372 1977 3437 adhuc
2023 3388 2203 3439 extra

222 3454 423 3517 castra
468 3458 885 3542 pugnantium
926 3477 1231 3541 pavorem
1268 3457 1616 3541 fugamque
1654 3456 1844 3518 auxit.

343 3563 423 3623 X.
479 3567 574 3625 Ita
616 3564 893 3635 camus,
952 3566 1059 3625 vix
1102 3564 1429 3647 praetoria
1467 3563 1738 3625 cohorte
1774 3576 2060 3636 retenta,
2128 3582 2199 3625 se
2263 3562 2576 3647 Cassiiexr‘q

214 3644 476 3728 recepit
529 3646 595 3706 in
648 3646 881 3707 collem
928 3644 1420 3729 Philipporum,
1495 3644 1664 3705 unde
1748 3658 2089 3729 respectus
2129 3644 2198 3705 in
2225 3634 2575 3691 “⁸⁴¹¹S‘rrvr·
2617 3678 2624 3691 ·

216 3726 635 3809 circumjecta
670 3726 946 3809 patebat.
1035 3726 1167 3789 Sed
1204 3726 1578 3811 magnitudo
1615 3748 1700 3810 pu
1733 3726 1928 3801 veris,
1975 3742 2042 3788 et
2069 3747 2199 3788 nox
2313 3810 2338 3839 a

284 3886 434 3959 Cap'.
462 3886 625 3944 Vlss.
662 3886 815 3943 Plut.
854 3886 1007 3967 Veli..
1032 3902 1189 3952 2‚7o.
1223 3884 1360 3939 Dio.
1398 3881 1652 3957 Appian.
1688 3882 1839 3938 Plut.
1870 3882 2026 3940 Van.
2056 3882 2199 3941 Dio·

212 3953 475 4078 Ayppian.
500 3956 676 4040 'Flam
718 3956 871 4011 Plut.
910 3956 1239 4039 Pign.7‚45.
1287 3952 1702 4027 Sueton.Aug.
1728 3950 1809 4009 13.
1845 3952 1996 4007 Plut.
2047 3954 2197 4025 Cap.

208 4022 591 4230 ξεᾶἓὲηῗὲῗῗ
601 4026 821 4149 ’Βῗῖιῖἓ.
841 4026 1113 4165 ᾗῖᾞΐέᾱ.
1129 4024 1309 4163 ΡἚὲὶ)
1317 4026 1616 4147 Ῠὶῗῐιῗιὶιῖἶ
1635 4022 2198 4201 ἳὲῗὲιῖζῗὸᾗῖἶ

270 4178 616 4322 {qumi-lem.
633 4247 759 4315 Liv.
792 4246 964 4305 Tom-
988 4242 1164 4305 XIV.
1669 4234 1733 4303 Ε
1757 4252 1800 4302 Β
