2892 4684
647 292 772 369 436
834 239 1239 359 FREIfiSH.
1260 280 2097 381 SUPPLERJENTORUM
2109 290 2261 357 Lm.
2277 288 2632 357 Lxxxlx.

302 500 372 557 U·
410 515 461 553 c·
494 514 617 568 7²0·
646 520 729 581 ge
760 513 973 561 tamen
1008 499 1266 583 plures,
1313 516 1508 579 quum
1545 496 1848 562 resistere
1887 500 2239 585 nequirent
2272 515 2371 565 tot
2409 501 2624 576 malis,

308 570 379 625 Δ·
415 568 482 623 0·
510 571 603 636 4²·
644 580 1044 643 ded-itionem
1073 579 1402 641 fecerunt:
1448 579 1515 639 in
1541 581 1774 662 quibus
1801 583 2104 645 triremes
2129 583 2317 646 suere
2341 596 2632 665 septem·
2736 612 2750 625 ·

643 663 879 737 decim,
928 680 1195 747 quarum
1230 660 1514 722 omnium
1551 661 1793 725 milites
1831 663 1910 724 ad
1943 679 2404 727 sacramentum
2437 664 2631 728 Statii

646 766 717 807 se
765 746 1255 806 transtulerunt.
1343 741 1691 815 Calvinus,
1745 764 1940 841 quum
1991 744 2145 807 olim
2193 746 2433 829 periss'e
2479 766 2631 808 cre-

645 826 951 969 deretifir,
1010 844 1157 887 cum
1188 842 1352 886 nave
1390 843 1504 885 sua
1537 824 1644 887 die
1682 838 1903 910 qmnta
1931 826 2375 916 Brundisium!
2398 848 2637 933 rever-¹

647 930 757 973 sus
794 927 830 969 e
886 949 904 969 .

318 1037 463 1104 qma
493 1036 622 1090 σα..
766 1012 939 1078 XIV.
1002 1010 1212 1092 Hujus
1253 1011 1496 1095 proelii
1531 1010 1788 1075 nunciis
1829 1010 1908 1074 ad
1942 1013 2281 1076 Caesarem
2322 1026 2388 1077 et
2420 1011 2632 1075 Anto-

268 1122 439 1162 sarem
456 1106 625 1158 eeAn.
648 1094 827 1156 nium
861 1094 1130 1180 perlatis
1153 1136 1171 1167 ,
1216 1092 1283 1154 in
1324 1115 1554 1179 magno
1591 1096 1827 1157 timore
1858 1096 2301 1158 versabantur.
2386 1094 2630 1157 Alieno

271 1178 475 1228 unium
501 1174 620 1227 ναί·
647 1177 794 1242 l.oco
825 1176 1147 1237 habehant
1182 1173 1411 1249 castra,
1461 1196 1672 1257 neque
1703 1191 1932 1260 petere
1967 1177 2160 1237 alium
2195 1191 2366 1252 tuto,
2411 1196 2632 1259 neque

268 1243 535 1299 ‘'m'ff'·
645 1257 912 1341 regredi
947 1258 1013 1318 in
1043 1256 1283 1318 ltaliam
1314 1270 1649 1340 poterant:
1693 1258 1892 1330 nihn,
1939 1273 2391 1343 praeterquam
2426 1260 2492 1319 in
2525 1278 2630 1319 ar·

642 1341 809 1413 mis,
877 1350 1216 1422 supererat
1271 1338 1453 1421 spei:
1526 1334 2030 1423 festinabantque
2093 1360 2172 1401 eo
2235 1340 2631 1413 decurrere,

694 1422 1021 1504 riusquam
1074 1420 1235 1480 mari
1289 1418 1628 1504 adceptum
1689 1420 2164 1483 incommodum
2223 1424 2324 1483 sui
2380 1421 2632 1505 pariter

643 1442 987 1586 flostesque
1021 1502 1413 1583 cognoss'ent.
1487 1502 1641 1584 Sed,
1687 1502 1819 1574 ubi,
1865 1499 2090 1564 frustra
2121 1504 2437 1587 producta
2464 1504 2632 1577 acie,

644 1585 971 1668 proelium
1009 1601 1202 1666 saepe
1240 1582 1732 1666 quaesiverant,
1775 1586 2148 1668 Brutusque
2173 1627 2189 1655 ,
2249 1586 2384 1647 suis
2425 1604 2498 1645 se
2535 1584 2635 1644 lo·
2695 1651 2702 1659 ³

650 1666 747 1727 cis
784 1677 1037 1737 tenens,
1082 1664 1359 1725 arctiora
1398 1666 1497 1726 eis
1531 1663 1824 1761 quotidie
1852 1666 2064 1727 omnia
2097 1664 2449 1738 efficiebat,
2497 1666 2636 1727 col-

647 1748 775 1808 lem
816 1748 903 1807 ita
946 1746 1351 1826 conjunctum
1388 1744 1579 1809 Cam:
1622 1744 1877 1819 castris,
1939 1760 2009 1808 ut
2055 1748 2184 1809 tela
2231 1748 2386 1810 inde
2435 1746 2631 1827 adjici

646 1829 934 1911 poll'ent,
988 1840 1188 1888 noctu
1228 1841 1506 1910 quatuor
1539 1826 1909 1911 legionibus
1946 1842 2380 1913 occuparunt,
2421 1830 2634 1891 muni-

647 1924 1031 1993 veruntque.
1079 1907 1231 1970 inde
1268 1909 1348 1969 ad
1381 1909 1590 1991 paffus
1623 1922 1966 1971 sexcentos
1999 1910 2145 1973 aliis
2179 1908 2396 1973 castris
2427 1911 2630 1973 collo-

444 2018 455 2073 .
652 2006 877 2051 cai-unt
908 1991 1203 2073 legiones
1234 1987 1457 2051 decem
1479 2033 1498 2065 ,
1539 2006 1606 2053 et
1635 1991 1908 2053 ulterius
1947 1992 2446 2075 quingentorum
2479 2012 2628 2075 pas-

652 2092 837 2133 suum
874 2072 1216 2133 intervallo
1251 2072 1488 2134 iterum
1525 2071 1710 2134 duas:
1755 2086 1826 2135 ut
1859 2072 1947 2134 ita
1981 2074 2311 2156 paullatim
2349 2074 2424 2135 ad
2453 2092 2631 2135 mare

649 2166 1107 2238 penetrarent,
1170 2165 1277 2223 et,
1336 2154 1476 2214 sive
1517 2154 1586 2214 in
1629 2154 1868 2227 litore,
1929 2154 2070 2217 sive
2123 2176 2244 2239 per
2293 2153 2636 2241 paludem,

654 2234 1257 2377 quomssdociumque
1304 2234 1539 2298 effecta
1583 2236 1688 2302 via
1713 2277 1732 2312 ,
1799 2250 2192 2309 commeatus
2237 2236 2641 2301 interclude·

652 2330 803 2378 rent
901 2330 1002 2380 rut
1032 2359 1050 2377 .
2284 2330 2292 2335 ·

316 2448 633 2519 Brutuspn·
777 2438 922 2507 XV.
985 2444 1228 2505 Brutus
1259 2440 1595 2505 adversus
1645 2441 1808 2507 haec
1853 2458 1990 2505 tum
2036 2444 2158 2505 alia
2209 2442 2638 2512 moliebatur,

282 2520 597 2601 &qn-sta·
656 2539 791 2586 tum
841 2521 1089 2585 castella
1133 2524 1389 2585 idoneis
1431 2526 1598 2586 locis
1637 2525 2005 2610 frequentia
2049 2526 2440 2610 opponebat.
2519 2521 2641 2585 sed

283 2600 415 2644 ‘'u“
656 2626 789 2667 non
838 2619 975 2667 erat
1022 2604 1189 2667 ultra
1242 2606 1602 2667 tolerabilis
1652 2607 1820 2689 apud
1862 2604 2104 2670 hostem
2151 2610 2387 2675 fames:
2453 2606 2640 2685 cujus

505 2710 511 2715 ·
657 2688 1003 2770 impatiens
1038 2688 1441 2748 auxiliarium
1483 2688 1952 2751 Germanorum
1991 2712 2214 2751 manus
2253 2689 2332 2750 ad
2363 2691 2642 2750 Brutum

710 2768 975 2851 erfugit.
1058 2766 1313 2832 Idcirco
1352 2768 1530 2851 legio
1571 2792 1691 2830 una
1728 2770 1796 2829 in
1831 2772 2129 2852 Achaiam
2171 2772 2346 2832 milla
2383 2767 2496 2842 est,
2541 2768 2646 2829 fe-

684 2852 970 2913 tinanter
998 2850 1078 2911 ad
1110 2850 1468 2913 exercitum
1501 2850 1811 2923 delatura,
1857 2852 2177 2937 quidquid
2205 2852 2457 2934 corripi
2487 2868 2644 2933 pos—

665 2947 800 2995 set:
854 2946 1105 2994 ceteras
1144 2932 1453 2993 continuo
1493 2947 1744 3015 paratas
1782 2934 1862 2997 ad
1895 2936 2216 3018 proelium
2254 2933 2640 3003 habueruut,

542 3081 560 3093 ,
664 3034 1071 3099 quocumque
1102 3014 1353 3075 tandem
1384 3014 1578 3074 modo
1603 3018 1872 3077 Brutum
1901 3014 1980 3077 ad
2007 3014 2479 3078 conserendum
2510 3034 2644 3073 ma·

662 3118 785 3159 nus
825 3096 1197 3158 adtracturi.
1282 3095 1413 3156 Sed
1453 3094 1611 3156 nihil
1655 3094 1883 3159 melius
1921 3098 2104 3159 cess'it
2137 3097 2416 3169 libellis,
2476 3114 2642 3179 quos

663 3180 829 3241 clam
880 3179 945 3237 in
990 3175 1182 3239 castra
1220 3177 1408 3237 Bruti
1452 3176 1924 3255 jaculabantur,
1987 3179 2268 3240 transire
2311 3177 2391 3239 ad
2436 3196 2506 3238 se
2543 3174 2646 3253 ju-

665 3260 897 3322 bentes
956 3259 1353 3330 exercitum,
1424 3258 1819 3340 amplissimis
1877 3260 2234 3357 propositis
2289 3257 2642 3343 praemiis;

662 3356 812 3409 aut,
872 3341 929 3401 si
974 3340 1131 3423 quid
1179 3339 1492 3401 haberent
1531 3340 1804 3413 virium,
1867 3342 2070 3422 signis
2113 3340 2648 3409 collatisdecer-

666 3442 851 3484 nere.
936 3426 1092 3484 Nam
1137 3422 1239 3483 his
1276 3422 1522 3488 artibus
1562 3422 1890 3484 sollicitati
1925 3422 2216 3502 Deiotari
2255 3423 2384 3483 dux
2411 3425 2649 3502 Amyn-

668 3518 803 3575 tas,
852 3517 918 3565 et
946 3502 1259 3564 Thraciae
1296 3506 1560 3585 regulus
1597 3503 2025 3587 Rhascupolis
2071 3500 2150 3567 ad
2185 3502 2394 3565 hostes
2433 3517 2649 3563 trans-

668 3586 931 3647 ieruntt
992 3586 1103 3646 alii
1146 3584 1581 3667 Rhascupolin
1633 3584 1853 3647 abiill'e
1907 3586 2161 3647 domum
2213 3584 2646 3648 tradiderunt.

670 3668 760 3730 At
802 3671 1077 3740 Brutus,
1134 3666 1261 3729 hoe
1311 3686 1462 3729 casu
1515 3686 1746 3749 aeger,
1808 3668 2221 3753 pluriumque
2269 3680 2650 3749 suspectans

723 3746 1041 3817 erfidiam,
1092 3748 1171 3810 a'd
1210 3750 1365 3810 haec
1402 3748 1672 3809 militum
1713 3749 2248 3833 tribunorumque
2288 3746 2654 3831 frequenti-

722 3854 796 3892 us
842 3832 1127 3913 querelis
1174 3832 1254 3893 ad
1333 3831 1695 3913 ug'naudum
1731 3832 2071 3903 incitatus,
2162 3830 2436 3893 roelium
2471 3825 2651 3891 comss

672 3913 933 3975 mittere
980 3912 1222 3988 statuit,
1282 3854 1452 3973 gand
1504 3911 1702 3974 dubie
1756 3914 2068 3975 ducturus
2167 3914 2398 3985 ellum,
2463 3911 2523 3972 si
2566 3908 2654 3973 de

720 4114 887 4199 pap.
918 4116 1075 4199 xlv.
1129 4113 1267 4198 Dio.
1308 4117 1464 4171 Plut.
1503 4102 1758 4183 Appiam
1808 4108 1947 4165 Dio.
1983 4104 2242 4181 Appian-
2328 4106 2478 4179 Cap.
2512 4104 2651 4162 XV.

665 4185 807 4241 Dio.
840 4185 1098 4259 Appiam
1136 4186 1278 4244 nno.
1314 4186 1470 4241 Plut·
2273 4218 2280 4242 ι
