2892 4684
176 747 195 762 κ
301 723 534 776 Lentulo
577 723 642 776 de

1951 51 1992 97 st

670 255 757 322 qo
820 237 1231 304 FREINSH.
1261 229 2106 316 SUPPIAEMENTORUM
2126 240 2276 304 Lm.
2298 239 2588 306 LXXVI.

336 445 409 504 U.
436 447 499 504 ῆι.
526 448 652 518 704.
797 429 1033 510 xmv.
1090 445 1261 506 Dum
1306 441 1417 505 ista
1444 441 1656 516 fiunt,
1715 463 1960 527 resque
2005 445 2218 507 variis
2262 445 2428 506 locis
2469 448 2672 511 armis

336 517 411 574 Α·
444 519 511 574 0·
549 515 639 584 4⁸·
678 527 967 610 geritur,
1014 527 1253 589 Caesar
1288 545 1690 609 nequaquam
1729 527 2000 586 consilia
2038 526 2221 610 pacis
2257 529 2524 589 omnino
2553 528 2676 590 (le-

341 590 654 670 caes-arcum
680 621 1025 692 posuerat,
1076 607 1516 691 ,quinsaltem
1561 608 1638 666 ad
1683 607 1848 668 alios
1884 621 2190 691 potentes
2226 609 2408 670 viros
2449 610 2675 672 mitte·

306 655 553 725 Scaepmne
592 666 643 706 ‘⁸
682 704 825 763 ret,
870 705 1183 773 quatenus
1222 690 1302 752 de
1340 689 1668 750 voluntate
1701 689 1998 772 Pompeji
2041 688 2523 774 desperaverat.
2583 693 2680 752 Et

300 809 423 862 ,me
438 793 656 864 agape..
684 771 1061 857 Scipionem
1102 771 1364 855 quidem
1402 789 1526 854 per
1560 769 1860 832 Clodium
1903 770 2110 832 utrius
2163 793 2244 834 ue
2285 771 2678 835 familiarem

300 861 656 917 internunkios.
681 855 985 930 tentavit3
1038 854 1415 924 Lentulum,
1466 851 1714 934 prioris
1751 851 1901 912 anni
1941 871 2144 913 consu
2173 874 2308 924 em,
2401 873 2474 915 er
2503 855 2678 916 Cor-

239 937 243 941 ’
350 941 357 949 ’
678 936 921 998 nelium
942 936 1247 1007 Balbum‚‘
1277 933 1391 1017 qui
1422 953 1662 994 summa
1687 931 1948 994 audacia
1973 933 2231 1016 saepius
2257 955 2326 997 ca
2381 956 2448 995 ra
2472 937 2678 997 Pom·

680 1016 820 1104 peji
848 1013 937 1078 est
964 1016 1305 1100 ingress'us,
1353 1027 1424 1075 ut
1453 1034 1792 1076 sermones
1822 1033 1963 1076 cum
1994 1017 2274 1079 Lentulo
2305 1017 2678 1089 conferret,

684 1099 1061 1168 certill'imo,
1108 1096 1165 1158 si
1197 1095 1827 1179 deprehenderetur,
1881 1097 2104 1159 exitio.
2187 1098 2318 1160 Sed
2362 1098 2680 1160 neutrubi

686 1179 1051 1244 success'ere
1110 1193 1401 1238 conatus.
1498 1180 1816 1239 Lentulus
1841 1175 2258 1253 -dubitantlo,
2363 1182 2538 1240 uanti
2595 1199 2675 1242 se

682 1258 1025 1328 venderet,
1071 1277 1361 1340 eousque
1396 1277 1535 1318 rem
1573 1259 1870 1330 extraxit,
1912 1257 2126 1320 donee
2159 1263 2300 1322 acie
2377 1275 2674 1322 eet-etum

684 1340 795 1404 ess.
858 1341 1106 1424 Scipio,
1152 1359 1344 1424 quum
1380 1339 1456 1400 ab
1490 1339 1680 1416 initio
1755 1339 2102 1402 raebuiffet
2125 1362 2338 1411 aures,
2385 1363 2417 1402 a
2442 1347 2526 1405 M.
2547 1343 2674 1404 Fa-

682 1422 885 1518 vonio
926 1419 1259 1505 castigatus
1278 1463 1295 1495 ,
1340 1419 1638 1484 Clodium
1666 1443 1707 1482 u
1739 1435 1836 1484 tra
1864 1421 1945 1483 ad
1973 1423 2370 1506 colloquium
2401 1445 2526 1486 non
2561 1423 2678 1486 ad-

581 1522 612 1562 ·.
679 1505 883 1566 misit.

808 1609 1006 1672 XLV.
1049 1608 1316 1669 Interim
1350 1607 1425 1670 ad
1457 1607 1927 1688 Dyrrhachium
1965 1609 2042 1669 ab
2075 1622 2352 1702 utroque
2387 1609 2672 1692 impera·

682 1705 832 1753 tore
860 1688 1155 1774 quotidie
1184 1689 1712 1773 producebantur
1740 1669 2027 1750 instructi
2053 1703 2409 1750 exercitus:
2455 1709 2486 1748 a
2510 1691 2676 1750 Cae-

686 1793 872 1839 sare.
919 1771 1067 1854 quia
1104 1790 1397 1854 pugnare
1434 1787 1846 1853 summopere
1885 1771 2225 1866 cupiebat3
2270 1790 2301 1829 a
2327 1770 2670 1852 Pompeio,
2779 1789 2784 1794 ·

687 1853 836 1937 quia
874 1851 1136 1913 nolebat
1177 1871 1314 1912 eam
1354 1849 1437 1914 de
1480 1871 1551 1913 se
1591 1853 1820 1912 famam
1860 1871 2116 1934 sparvt,
2177 1851 2358 1935 quasi
2396 1851 2664 1912 Caesari

679 1931 1015 1996 lacess‘enti
1048 1954 1177 1996 non
1214 1931 1840 1997 auderetresistere.
1909 1935 1995 1994 Se
2063 1975 2079 2005 ,
2125 1932 2666 1994 utnecessitatem

730 2013 1010 2100 ugnandi
1054 2012 1327 2085 vitaret,
1387 2035 1513 2101 pro
1565 2013 1786 2076 castris
1833 2013 2158 2077 constituit
2212 2015 2457 2086 aciem,
2523 2035 2683 2085 non„

708 2097 939 2178 ongius
969 2095 1199 2179 primis
1230 2096 1725 2159 excurrentibus
1760 2097 2098 2159 ordinibus
2121 2139 2138 2168 ,
2187 2113 2374 2181 quam
2407 2115 2536 2178 quo
2573 2095 2660 2157 de

676 2177 849 2240 vallo
874 2179 1071 2240 telum
1095 2192 1420 2241 tormento
1445 2178 1730 2240 emiffum
1754 2179 2134 2261 pertingere
2164 2179 2391 2262 poss'et.
2447 2175 2664 2270 Quum

674 2257 797 2322 hac
847 2261 1103 2322 ratione
1151 2260 1337 2322 multi
1381 2257 1748 2342 consumpti
1800 2259 1942 2322 dies
1988 2259 2222 2334 ostent,
2265 2244 2657 2352 Pompeius,

218 2400 225 2408 ,
722 2340 896 2421 abuli
928 2342 1202 2403 mauime
1238 2341 1348 2403 ino
1396 2342 1455 2402 ia
1490 2347 1787 2414 coactus,
1833 2361 2178 2426 erumpere
2217 2341 2371 2402 totis
2408 2340 2662 2402 viribus

332 2457 653 2529 'anauga
672 2363 904 2486 stituit.
969 2423 1116 2484 Hoc
1152 2421 1338 2484 consi
1368 2423 1500 2483 ium
1533 2422 1801 2504 agitanti
1836 2437 2202 2507 opportune
2227 2420 2552 2484 Roscillus
2589 2435 2660 2484 et

284 2527 647 2597 &emm-u...
674 2508 899 2587 Aegus
928 2504 1323 2586 Allobroges
1360 2502 1561 2566 oblati
1597 2515 1777 2574 sunt,
1823 2505 1935 2587 qui
1957 2548 1975 2579 ,
2021 2518 2292 2588 propter
2333 2503 2662 2564 interver-

287 2598 630 2665 perfugiunt.
674 2609 743 2650 sa
784 2585 1074 2671 equitum
1111 2582 1424 2666 stipendia
1467 2581 1790 2667 objurgati
1825 2606 1862 2646 a
1893 2587 2206 2657 Caesare,
2263 2583 2660 2666 transfugie-

669 2667 843 2733 bant.
923 2667 1065 2727 Hos
1098 2665 1338 2747 igitur,
1383 2687 1507 2750 per
1539 2665 1752 2730 omnia
1783 2667 2107 2748 praesidia
2141 2665 2658 2740 circumductos,

578 2828 583 2832 ¹
669 2765 743 2814 ut
790 2767 1055 2812 suorum
1099 2747 1349 2812 animos
1399 2761 1705 2842 augeret,
1766 2748 1987 2810 multis
2030 2747 2285 2811 ornavit
2317 2745 2654 2821 laudibus,

668 2831 933 2896 civitate
984 2849 1244 2913 quoque
1291 2829 1615 2912 promiss'a.
1674 2828 1849 2913 quod
1889 2830 2170 2894 irrisiss'e
2209 2829 2443 2892 Cicero
2494 2829 2662 2891 dici-

668 2926 809 2986 tur,
856 2925 1049 2996 atque
1077 2909 1339 2974 dixiss'e:
1386 2913 1684 2993 Egregium
1711 2933 1842 2970 vero
1867 2915 2246 2994 imperatorem
2265 2915 2292 2970 Ι
2371 2914 2429 2969 ui
2464 2909 2652 2972 Gallis

665 2993 897 3056 aliemm
926 2996 1200 3054 civitatem
1229 2991 1521 3072 pollicetur
1536 3033 1555 3064 ,
1601 2989 1753 3052 nobis
1786 2992 2020 3070 nostram
2054 3011 2161 3052 non
2193 3009 2316 3072 pote
2391 2991 2646 3054 reddere.

340 3102 631 3175 Pompeius
736 3079 743 3088 ’
786 3083 1017 3163 XLVI.
1074 3097 1161 3159 At
1191 3097 1583 3182 Pompeius,
1629 3097 1708 3158 ab
1737 3095 1842 3158 his
1879 3095 2162 3172 edo‘ctus,
2192 3097 2441 3168 omnia,
2489 3117 2656 3180 quae

297 3177 613 3258 munitique:
666 3182 834 3243 ratio
876 3180 1342 3268 munitionum,
1400 3199 1568 3265 quae
1617 3178 2032 3242 excubiarum
2081 3190 2274 3264 atque
2323 3175 2655 3240 stationum

297 3244 539 3326 ⁶⁰²⁸'3m
552 3261 642 3312 αἱ·
668 3261 837 3344 apud
867 3259 1081 3324 hostes
1110 3262 1301 3334 effet,
1349 3259 1526 3345 quod
1559 3279 1791 3324 munus
1825 3282 1955 3345 quo
1988 3277 2284 3346 tempore
2319 3272 2387 3323 et
2420 3259 2654 3343 quibus

290 3311 563 3381 guium·
667 3343 1117 3406 accurantibus
1160 3339 1385 3416 fieret,
1449 3343 1728 3425 imperat
1763 3345 2124 3416 militibus,
2183 3355 2253 3405 ut
2301 3339 2424 3402 sibi
2471 3342 2655 3482 ‹buis-

668 3445 796 3508 que
830 3439 1087 3508 tegmen
1118 3425 1314 3487 faciat
1341 3445 1423 3487 ex
1453 3424 1718 3494 vimine,
1765 3424 1839 3485 ad
1878 3427 2124 3508 galeam
2159 3437 2478 3485 eonteven
2529 3443 2652 3496 am,

666 3519 733 3568 et
765 3520 836 3567 ut
863 3527 1167 3589 aggerem
1204 3519 1593 3589 comportet.
1673 3507 1822 3567 Hoc
1866 3507 1978 3566 ubi
2015 3505 2253 3566 sactum
2301 3525 2336 3565 e
2369 3517 2412 3576 t,
2457 3518 2660 3566 noctu

666 3609 695 3646 n
748 3607 905 3669 gere
949 3602 1015 3648 et
1048 3588 1287 3649 leviter
1326 3588 1586 3648 armatis
1629 3587 2113 3669 sagittariisque
2151 3587 2369 3649 multis
2411 3587 2478 3646 in
2515 3606 2655 3648 sca-

662 3607 823 3752 pffia's
851 3683 917 3732 et
945 3670 1273 3731 actuarias.
1294 3666 1621 3752 impositis
1643 3710 1659 3738 ‚
1715 3667 2140 3729 munitionum
2179 3668 2476 3729 Caesaris
2517 3685 2656 3727 eam

657 3747 907 3834 partein
930 3794 946 3826 ,
1008 3771 1171 3835 quae
1206 3750 1286 3811 ad
1322 3769 1500 3810 mar-e
1535 3747 1941 3832 pertinebat,
2005 3764 2072 3811 et
2107 3771 2142 3811 a
2175 3750 2468 3809 maximis
2511 3747 2652 3826 ejus

660 3831 877 3894 castris
900 3849 1039 3896 erat
1058 3831 1496 3904 remotissima,
1535 3830 1673 3913 peti
1692 3829 1896 3910 jubet,
1932 3830 2164 3894 eodem
2185 3852 2219 3892 a
2240 3827 2645 3912 Dyrrhachio

729 3983 878 4054 Gap.
910 3981 1111 4038 XLIV.
1164 3958 1333 4034 Caes.
1372 3978 1528 4034 Vell.
1558 3995 1622 4048 a,
1657 3979 1745 4034 51.
1785 3951 1955 4036 Caes.
2033 3979 2179 4050 Gap.
2214 3977 2386 4045 XLV.
2425 3977 2646 4030 Lucan.

660 4050 1039 4120 manente.
1078 4049 1248 4104 Caes.
1292 4047 1565 4102 Macrob.
1605 4049 1990 4114 Saturnnfss.
2063 4049 2108 4104 C
2194 4046 2432 4104 ,XLVL
2469 4045 2642 4104 Caes·

658 4118 799 4175 Dio.
834 4119 1051 4179 Lucan.
1088 4119 1267 4178 Oros.
1306 4116 1565 4191 Appian-
1609 4117 1764 4176 mut.
1795 4119 2008 4192 Pomp.
2047 4125 2110 4174 et
2189 4131 2308 4172 ass.
