<?xml version="1.0" encoding="UTF-8"?>
<!DOCTYPE html PUBLIC "-//W3C//DTD XHTML 1.0 Transitional//EN"
    "http://www.w3.org/TR/xhtml1/DTD/xhtml1-transitional.dtd">
<html xmlns="http://www.w3.org/1999/xhtml" xml:lang="en" lang="en">
 <head>
  <title>
</title>
<meta http-equiv="Content-Type" content="text/html;charset=utf-8" />
  <meta name='ocr-system' content='tesseract 3.04.00' />
  <meta name='ocr-capabilities' content='ocr_page ocr_carea ocr_par ocr_line ocrx_word'/>
</head>
<body>
  <div class='ocr_page' id='page_1' title='image "./tliviipatavinih25unkngoog_0415.png"; bbox 0 0 2892 4684; ppageno 0'>
   <div class='ocr_carea' id='block_1_1' title="bbox 631 246 2242 339">
    <p class='ocr_par' dir='ltr' id='par_1_1' title="bbox 631 246 2242 339">
     <span class='ocr_line' id='line_1_1' title="bbox 631 246 2242 339; baseline -0.001 -14"><span class='ocrx_word' id='word_1_1' title='bbox 631 262 721 326; x_wconf 78' lang='lat' dir='ltr'><strong>m</strong></span> <span class='ocrx_word' id='word_1_2' title='bbox 762 246 1066 325; x_wconf 71' lang='lat' dir='ltr'><strong>Locum</strong></span> <span class='ocrx_word' id='word_1_3' title='bbox 1104 260 1269 323; x_wconf 78' lang='lat' dir='ltr'><strong>Lm.</strong></span> <span class='ocrx_word' id='word_1_4' title='bbox 1306 262 1589 325; x_wconf 83' lang='lat' dir='ltr'><strong>cxxm.</strong></span> <span class='ocrx_word' id='word_1_5' title='bbox 1635 260 1868 329; x_wconf 81' lang='lat' dir='ltr'><strong>mvn.</strong></span> <span class='ocrx_word' id='word_1_6' title='bbox 2125 271 2242 339; x_wconf 71' lang='lat'><strong>42·</strong></span> 
     </span>
    </p>
   </div>
   <div class='ocr_carea' id='block_1_2' title="bbox 248 471 2596 1109">
    <p class='ocr_par' dir='ltr' id='par_1_2' title="bbox 248 471 2596 727">
     <span class='ocr_line' id='line_1_2' title="bbox 249 471 2530 557; baseline -0.002 -21"><span class='ocrx_word' id='word_1_7' title='bbox 249 494 400 537; x_wconf 87' lang='lat' dir='ltr'><strong>cum</strong></span> <span class='ocrx_word' id='word_1_8' title='bbox 430 494 466 533; x_wconf 84' lang='lat' dir='ltr'><strong>a</strong></span> <span class='ocrx_word' id='word_1_9' title='bbox 490 473 734 543; x_wconf 82' lang='lat' dir='ltr'><strong>Xerxe,</strong></span> <span class='ocrx_word' id='word_1_10' title='bbox 771 472 885 555; x_wconf 89' lang='lat' dir='ltr'><strong>qui</strong></span> <span class='ocrx_word' id='word_1_11' title='bbox 914 473 1135 555; x_wconf 87' lang='lat' dir='ltr'><strong>copias</strong></span> <span class='ocrx_word' id='word_1_12' title='bbox 1173 471 1268 532; x_wconf 90' lang='lat' dir='ltr'><strong>ibi</strong></span> <span class='ocrx_word' id='word_1_13' title='bbox 1301 494 1446 535; x_wconf 84' lang='lat' dir='ltr'><strong>suas</strong></span> <span class='ocrx_word' id='word_1_14' title='bbox 1481 474 1849 557; x_wconf 74' lang='lat' dir='ltr'>agminatim</span> <span class='ocrx_word' id='word_1_15' title='bbox 1889 476 2242 549; x_wconf 81' lang='lat' dir='ltr'><strong>recensuit,</strong></span> <span class='ocrx_word' id='word_1_16' title='bbox 2305 476 2374 531; x_wconf 83' lang='lat' dir='ltr'><strong>U.</strong></span> <span class='ocrx_word' id='word_1_17' title='bbox 2411 496 2462 531; x_wconf 82' lang='lat' dir='ltr'><strong>c.</strong></span> <span class='ocrx_word' id='word_1_18' title='bbox 2496 500 2530 551; x_wconf 88' lang='lat'><em>7</em></span> 
     </span>
     <span class='ocr_line' id='line_1_3' title="bbox 248 546 2596 639; baseline 0.002 -23"><span class='ocrx_word' id='word_1_19' title='bbox 248 554 566 617; x_wconf 85' lang='lat' dir='ltr'><strong>nobilem.</strong></span> <span class='ocrx_word' id='word_1_20' title='bbox 609 552 765 613; x_wconf 84' lang='lat' dir='ltr'><strong>inde</strong></span> <span class='ocrx_word' id='word_1_21' title='bbox 797 554 1147 615; x_wconf 87' lang='lat' dir='ltr'><strong>secundum</strong></span> <span class='ocrx_word' id='word_1_22' title='bbox 1180 554 1333 615; x_wconf 88' lang='lat' dir='ltr'><strong>litus</strong></span> <span class='ocrx_word' id='word_1_23' title='bbox 1372 555 1448 614; x_wconf 76' lang='lat' dir='ltr'><strong>atl</strong></span> <span class='ocrx_word' id='word_1_24' title='bbox 1475 555 1826 617; x_wconf 68' lang='lat' dir='ltr'><strong>Seri-heum</strong></span> <span class='ocrx_word' id='word_1_25' title='bbox 1859 576 2063 639; x_wconf 88' lang='lat' dir='ltr'><strong>usque</strong></span> <span class='ocrx_word' id='word_1_26' title='bbox 2089 577 2242 639; x_wconf 83' lang='lat' dir='ltr'><strong>pro·</strong></span> <span class='ocrx_word' id='word_1_27' title='bbox 2305 546 2377 603; x_wconf 67' lang='lat' dir='ltr'><strong>A·</strong></span> <span class='ocrx_word' id='word_1_28' title='bbox 2407 549 2475 604; x_wconf 80' lang='lat'><strong>0·</strong></span> <span class='ocrx_word' id='word_1_29' title='bbox 2503 556 2596 621; x_wconf 74' lang='lat'><strong>4²·</strong></span> 
     </span>
     <span class='ocr_line' id='line_1_4' title="bbox 250 634 2240 727; baseline 0.001 -30"><span class='ocrx_word' id='word_1_30' title='bbox 250 635 649 698; x_wconf 85' lang='lat' dir='ltr'><strong>montorium</strong></span> <span class='ocrx_word' id='word_1_31' title='bbox 704 636 1029 727; x_wconf 68' lang='lat' dir='ltr'><strong>progr-effi</strong></span> <span class='ocrx_word' id='word_1_32' title='bbox 1055 679 1072 706; x_wconf 92' lang='lat'>‚</span> <span class='ocrx_word' id='word_1_33' title='bbox 1144 634 1553 698; x_wconf 78' lang='lat' dir='ltr'><strong>deflexerunt</strong></span> <span class='ocrx_word' id='word_1_34' title='bbox 1608 639 1676 699; x_wconf 86' lang='lat' dir='ltr'><strong>in</strong></span> <span class='ocrx_word' id='word_1_35' title='bbox 1733 635 2240 711; x_wconf 81' lang='lat' dir='ltr'><strong>mediterranea,</strong></span> 
     </span>
    </p>

    <p class='ocr_par' dir='ltr' id='par_1_3' title="bbox 254 716 2248 801">
     <span class='ocr_line' id='line_1_5' title="bbox 254 716 2248 801; baseline -0.001 -20"><span class='ocrx_word' id='word_1_36' title='bbox 254 718 477 781; x_wconf 84' lang='lat' dir='ltr'><strong>obiter</strong></span> <span class='ocrx_word' id='word_1_37' title='bbox 515 716 815 787; x_wconf 85' lang='lat' dir='ltr'><strong>domitis,</strong></span> <span class='ocrx_word' id='word_1_38' title='bbox 864 716 975 801; x_wconf 88' lang='lat' dir='ltr'><strong>qui</strong></span> <span class='ocrx_word' id='word_1_39' title='bbox 1014 716 1189 779; x_wconf 83' lang='lat' dir='ltr'><strong>forte</strong></span> <span class='ocrx_word' id='word_1_40' title='bbox 1224 718 1447 800; x_wconf 86' lang='lat' dir='ltr'><strong>priore</strong></span> <span class='ocrx_word' id='word_1_41' title='bbox 1479 720 1663 780; x_wconf 85' lang='lat' dir='ltr'><strong>Bruti</strong></span> <span class='ocrx_word' id='word_1_42' title='bbox 1697 718 2115 800; x_wconf 79' lang='lat' dir='ltr'><strong>expeditione</strong></span> <span class='ocrx_word' id='word_1_43' title='bbox 2147 721 2248 779; x_wconf 83' lang='lat' dir='ltr'><strong>in-</strong></span> 
     </span>
    </p>

    <p class='ocr_par' dir='ltr' id='par_1_4' title="bbox 256 799 2246 883">
     <span class='ocr_line' id='line_1_6' title="bbox 256 799 2246 883; baseline -0.001 -21"><span class='ocrx_word' id='word_1_44' title='bbox 256 799 420 862; x_wconf 80' lang='lat' dir='ltr'><strong>tacti</strong></span> <span class='ocrx_word' id='word_1_45' title='bbox 463 812 823 861; x_wconf 81' lang='lat' dir='ltr'><strong>evaserant.</strong></span> <span class='ocrx_word' id='word_1_46' title='bbox 908 802 1137 881; x_wconf 87' lang='lat' dir='ltr'><strong>Neque</strong></span> <span class='ocrx_word' id='word_1_47' title='bbox 1189 819 1351 859; x_wconf 80' lang='lat' dir='ltr'><strong>vero</strong></span> <span class='ocrx_word' id='word_1_48' title='bbox 1395 799 1730 883; x_wconf 85' lang='lat' dir='ltr'><strong>quisquam</strong></span> <span class='ocrx_word' id='word_1_49' title='bbox 1771 800 2088 861; x_wconf 80' lang='lat' dir='ltr'><strong>abnuebat</strong></span> <span class='ocrx_word' id='word_1_50' title='bbox 2132 823 2246 881; x_wconf 85' lang='lat' dir='ltr'><strong>pa-</strong></span> 
     </span>
    </p>

    <p class='ocr_par' dir='ltr' id='par_1_5' title="bbox 256 880 2246 965">
     <span class='ocr_line' id='line_1_7' title="bbox 256 880 2246 965; baseline 0.001 -22"><span class='ocrx_word' id='word_1_51' title='bbox 256 902 413 943; x_wconf 84' lang='lat' dir='ltr'><strong>rere</strong></span> <span class='ocrx_word' id='word_1_52' title='bbox 443 880 815 965; x_wconf 86' lang='lat' dir='ltr'><strong>potentibus</strong></span> <span class='ocrx_word' id='word_1_53' title='bbox 854 894 922 941; x_wconf 88' lang='lat' dir='ltr'><strong>et</strong></span> <span class='ocrx_word' id='word_1_54' title='bbox 953 881 1293 941; x_wconf 77' lang='lat' dir='ltr'><strong>leniss&#39;imis</strong></span> <span class='ocrx_word' id='word_1_55' title='bbox 1324 881 1506 952; x_wconf 78' lang='lat' dir='ltr'><strong>viria,</strong></span> <span class='ocrx_word' id='word_1_56' title='bbox 1557 902 1748 963; x_wconf 92' lang='lat' dir='ltr'><strong>quum</strong></span> <span class='ocrx_word' id='word_1_57' title='bbox 1787 882 1974 943; x_wconf 86' lang='lat' dir='ltr'><strong>etiam</strong></span> <span class='ocrx_word' id='word_1_58' title='bbox 2005 882 2246 945; x_wconf 84' lang='lat' dir='ltr'><strong>Gallius</strong></span> 
     </span>
    </p>

    <p class='ocr_par' dir='ltr' id='par_1_6' title="bbox 257 962 2246 1037">
     <span class='ocr_line' id='line_1_8' title="bbox 257 962 2246 1037; baseline -0.001 -12"><span class='ocrx_word' id='word_1_59' title='bbox 257 978 547 1025; x_wconf 83' lang='lat' dir='ltr'><strong>naturam</strong></span> <span class='ocrx_word' id='word_1_60' title='bbox 595 982 771 1023; x_wconf 86' lang='lat' dir='ltr'><strong>suam</strong></span> <span class='ocrx_word' id='word_1_61' title='bbox 813 962 903 1023; x_wconf 88' lang='lat' dir='ltr'><strong>ita</strong></span> <span class='ocrx_word' id='word_1_62' title='bbox 936 966 1309 1037; x_wconf 68' lang='lat' dir='ltr'><strong>coerceret,</strong></span> <span class='ocrx_word' id='word_1_63' title='bbox 1370 976 1441 1024; x_wconf 88' lang='lat' dir='ltr'><strong>ut</strong></span> <span class='ocrx_word' id='word_1_64' title='bbox 1479 964 1583 1026; x_wconf 83' lang='lat' dir='ltr'><strong>vel</strong></span> <span class='ocrx_word' id='word_1_65' title='bbox 1614 964 1800 1024; x_wconf 82' lang='lat' dir='ltr'><strong>Bruti</strong></span> <span class='ocrx_word' id='word_1_66' title='bbox 1837 965 2246 1025; x_wconf 84' lang='lat' dir='ltr'><strong>clementiam</strong></span> 
     </span>
    </p>

    <p class='ocr_par' dir='ltr' id='par_1_7' title="bbox 256 1042 917 1109">
     <span class='ocr_line' id='line_1_9' title="bbox 256 1042 917 1109; baseline -0.011 0"><span class='ocrx_word' id='word_1_67' title='bbox 256 1046 527 1109; x_wconf 81' lang='lat' dir='ltr'><strong>vincere</strong></span> <span class='ocrx_word' id='word_1_68' title='bbox 564 1042 917 1107; x_wconf 79' lang='lat' dir='ltr'><strong>videretur.</strong></span> 
     </span>
    </p>
   </div>
   <div class='ocr_carea' id='block_1_3' title="bbox 248 1164 2682 2557">
    <p class='ocr_par' dir='ltr' id='par_1_8' title="bbox 248 1164 2682 1580">
     <span class='ocr_line' id='line_1_10' title="bbox 376 1164 2522 1249; baseline 0.002 -24"><span class='ocrx_word' id='word_1_69' title='bbox 376 1166 640 1231; x_wconf 77' lang='lat' dir='ltr'><strong>xxvu.</strong></span> <span class='ocrx_word' id='word_1_70' title='bbox 688 1168 863 1229; x_wconf 79' lang='lat' dir='ltr'><strong>[nter</strong></span> <span class='ocrx_word' id='word_1_71' title='bbox 890 1164 1048 1226; x_wconf 86' lang='lat' dir='ltr'><strong>haec</strong></span> <span class='ocrx_word' id='word_1_72' title='bbox 1080 1185 1255 1227; x_wconf 84' lang='lat' dir='ltr'><strong>oram</strong></span> <span class='ocrx_word' id='word_1_73' title='bbox 1278 1167 1503 1249; x_wconf 85' lang='lat' dir='ltr'><strong>legere</strong></span> <span class='ocrx_word' id='word_1_74' title='bbox 1527 1168 1780 1231; x_wconf 87' lang='lat' dir='ltr'><strong>Tullius</strong></span> <span class='ocrx_word' id='word_1_75' title='bbox 1805 1170 2068 1231; x_wconf 87' lang='lat' dir='ltr'><strong>Cimber</strong></span> <span class='ocrx_word' id='word_1_76' title='bbox 2097 1188 2242 1230; x_wconf 89' lang='lat' dir='ltr'><strong>cum</strong></span> <span class='ocrx_word' id='word_1_77' title='bbox 2311 1183 2522 1241; x_wconf 62' lang='lat' dir='ltr'><strong>Tum„</strong></span> 
     </span>
     <span class='ocr_line' id='line_1_11' title="bbox 252 1248 2682 1332; baseline -0.002 -21"><span class='ocrx_word' id='word_1_78' title='bbox 252 1248 472 1319; x_wconf 74' lang='lat' dir='ltr'><strong>classe,</strong></span> <span class='ocrx_word' id='word_1_79' title='bbox 518 1269 681 1331; x_wconf 88' lang='lat' dir='ltr'><strong>quae</strong></span> <span class='ocrx_word' id='word_1_80' title='bbox 720 1248 1044 1331; x_wconf 80' lang='lat' dir='ltr'><strong>legionem</strong></span> <span class='ocrx_word' id='word_1_81' title='bbox 1090 1270 1275 1309; x_wconf 88' lang='lat' dir='ltr'><strong>unam</strong></span> <span class='ocrx_word' id='word_1_82' title='bbox 1308 1264 1502 1332; x_wconf 86' lang='lat' dir='ltr'><strong>atque</strong></span> <span class='ocrx_word' id='word_1_83' title='bbox 1537 1250 1906 1331; x_wconf 80' lang='lat' dir='ltr'><strong>sagittarios</strong></span> <span class='ocrx_word' id='word_1_84' title='bbox 1949 1252 2240 1321; x_wconf 82' lang='lat' dir='ltr'><strong>vehebat,</strong></span> <span class='ocrx_word' id='word_1_85' title='bbox 2273 1257 2478 1307; x_wconf 74' lang='lat' dir='ltr'><strong>Cimber</strong></span> <span class='ocrx_word' id='word_1_86' title='bbox 2495 1254 2606 1321; x_wconf 67' lang='grc' dir='ltr'><strong>5η.</strong></span> <span class='ocrx_word' id='word_1_87' title='bbox 2675 1292 2682 1305; x_wconf 79' lang='lat'><strong>..</strong></span> 
     </span>
     <span class='ocr_line' id='line_1_12' title="bbox 248 1324 2604 1415; baseline 0.001 -24"><span class='ocrx_word' id='word_1_88' title='bbox 248 1332 493 1413; x_wconf 76' lang='lat' dir='ltr'><strong>jull&#39;us,</strong></span> <span class='ocrx_word' id='word_1_89' title='bbox 556 1328 921 1415; x_wconf 84' lang='lat' dir='ltr'><strong>adpellebat</strong></span> <span class='ocrx_word' id='word_1_90' title='bbox 970 1328 1385 1411; x_wconf 82' lang='lat' dir='ltr'><strong>frequenter,</strong></span> <span class='ocrx_word' id='word_1_91' title='bbox 1455 1342 1520 1390; x_wconf 85' lang='lat' dir='ltr'><strong>et</strong></span> <span class='ocrx_word' id='word_1_92' title='bbox 1561 1328 1777 1393; x_wconf 83' lang='lat' dir='ltr'><strong>castris</strong></span> <span class='ocrx_word' id='word_1_93' title='bbox 1820 1333 2052 1393; x_wconf 85' lang='lat' dir='ltr'><strong>idonea</strong></span> <span class='ocrx_word' id='word_1_94' title='bbox 2103 1334 2246 1394; x_wconf 79' lang='lat' dir='ltr'><strong>loca</strong></span> <span class='ocrx_word' id='word_1_95' title='bbox 2268 1324 2450 1377; x_wconf 56' lang='lat'><em>¹5⁰⁶„</em></span> <span class='ocrx_word' id='word_1_96' title='bbox 2479 1342 2604 1377; x_wconf 68' lang='lat'><strong>⁸⁸⁸·</strong></span> 
     </span>
     <span class='ocr_line' id='line_1_13' title="bbox 252 1393 2584 1495; baseline -0 -20"><span class='ocrx_word' id='word_1_97' title='bbox 252 1411 675 1495; x_wconf 77' lang='lat' dir='ltr'><strong>designabat,</strong></span> <span class='ocrx_word' id='word_1_98' title='bbox 716 1424 1051 1494; x_wconf 83' lang='lat' dir='ltr'><strong>antequam</strong></span> <span class='ocrx_word' id='word_1_99' title='bbox 1091 1430 1231 1472; x_wconf 88' lang='lat' dir='ltr'><strong>cum</strong></span> <span class='ocrx_word' id='word_1_100' title='bbox 1270 1410 1474 1473; x_wconf 85' lang='lat' dir='ltr'><strong>Caffio</strong></span> <span class='ocrx_word' id='word_1_101' title='bbox 1515 1426 1581 1473; x_wconf 86' lang='lat' dir='ltr'><strong>et</strong></span> <span class='ocrx_word' id='word_1_102' title='bbox 1605 1416 1809 1474; x_wconf 89' lang='lat' dir='ltr'><strong>Bruto</strong></span> <span class='ocrx_word' id='word_1_103' title='bbox 1847 1416 2050 1476; x_wconf 87' lang='lat' dir='ltr'><strong>moles</strong></span> <span class='ocrx_word' id='word_1_104' title='bbox 2087 1414 2244 1475; x_wconf 85' lang='lat' dir='ltr'><strong>belli</strong></span> <span class='ocrx_word' id='word_1_105' title='bbox 2268 1410 2454 1463; x_wconf 58' lang='lat'><strong>&#39;’⁸⁸⁸’‘</strong></span> <span class='ocrx_word' id='word_1_106' title='bbox 2486 1393 2584 1447; x_wconf 50' lang='grc' dir='ltr'><strong>Μ·</strong></span> 
     </span>
     <span class='ocr_line' id='line_1_14' title="bbox 252 1463 2375 1580; baseline -0.001 -23"><span class='ocrx_word' id='word_1_107' title='bbox 252 1507 393 1563; x_wconf 79' lang='lat' dir='ltr'><strong>tota</strong></span> <span class='ocrx_word' id='word_1_108' title='bbox 418 1508 823 1577; x_wconf 82' lang='lat' dir='ltr'><strong>sequeretur.</strong></span> <span class='ocrx_word' id='word_1_109' title='bbox 870 1496 1003 1554; x_wconf 84' lang='lat' dir='ltr'><strong>Nec</strong></span> <span class='ocrx_word' id='word_1_110' title='bbox 1029 1492 1367 1577; x_wconf 82' lang='lat' dir='ltr'><strong>prohiberi</strong></span> <span class='ocrx_word' id='word_1_111' title='bbox 1392 1515 1424 1553; x_wconf 84' lang='lat' dir='ltr'><strong>a</strong></span> <span class='ocrx_word' id='word_1_112' title='bbox 1444 1496 1484 1555; x_wconf 93' lang='lat' dir='ltr'><strong>J</strong></span> <span class='ocrx_word' id='word_1_113' title='bbox 1489 1493 1718 1555; x_wconf 85' lang='lat' dir='ltr'><strong>ulianis</strong></span> <span class='ocrx_word' id='word_1_114' title='bbox 1788 1509 2016 1557; x_wconf 81' lang='lat' dir='ltr'><strong>oterat.</strong></span> <span class='ocrx_word' id='word_1_115' title='bbox 2054 1496 2242 1580; x_wconf 85' lang='lat' dir='ltr'><strong>quip-</strong></span> <span class='ocrx_word' id='word_1_116' title='bbox 2269 1463 2375 1516; x_wconf 53' lang='grc' dir='ltr'><strong>ω’·</strong></span> 
     </span>
    </p>

    <p class='ocr_par' dir='ltr' id='par_1_9' title="bbox 254 1518 2252 2557">
     <span class='ocr_line' id='line_1_15' title="bbox 310 1518 2242 1659; baseline 0 -21"><span class='ocrx_word' id='word_1_117' title='bbox 310 1597 345 1638; x_wconf 92' lang='lat' dir='ltr'><strong>e</strong></span> <span class='ocrx_word' id='word_1_118' title='bbox 388 1584 614 1657; x_wconf 78' lang='lat' dir='ltr'><strong>magna</strong></span> <span class='ocrx_word' id='word_1_119' title='bbox 657 1596 809 1659; x_wconf 77' lang='lat' dir='ltr'><strong>pars</strong></span> <span class='ocrx_word' id='word_1_120' title='bbox 852 1574 1067 1635; x_wconf 84' lang='lat' dir='ltr'><strong>litoris</strong></span> <span class='ocrx_word' id='word_1_121' title='bbox 1086 1617 1115 1656; x_wconf 27' lang='lat' dir='ltr'><strong>‚q</strong></span> <span class='ocrx_word' id='word_1_122' title='bbox 1157 1596 1536 1659; x_wconf 85' lang='lat' dir='ltr'><strong>quamquam</strong></span> <span class='ocrx_word' id='word_1_123' title='bbox 1577 1518 1784 1637; x_wconf 72' lang='lat' dir='ltr'><strong>fertiii</strong></span> <span class='ocrx_word' id='word_1_124' title='bbox 1819 1577 2014 1638; x_wconf 87' lang='lat' dir='ltr'><strong>humo</strong></span> <span class='ocrx_word' id='word_1_125' title='bbox 2101 1596 2242 1638; x_wconf 82' lang='lat' dir='ltr'><strong>rae-</strong></span> 
     </span>
     <span class='ocr_line' id='line_1_16' title="bbox 254 1599 2242 1740; baseline 0 -22"><span class='ocrx_word' id='word_1_126' title='bbox 254 1599 393 1718; x_wconf 59' lang='lat' dir='ltr'><strong>gita</strong></span> <span class='ocrx_word' id='word_1_127' title='bbox 415 1700 433 1729; x_wconf 90' lang='lat'>‚</span> <span class='ocrx_word' id='word_1_128' title='bbox 478 1670 753 1739; x_wconf 88' lang='lat' dir='ltr'><strong>propter</strong></span> <span class='ocrx_word' id='word_1_129' title='bbox 789 1658 1486 1740; x_wconf 85' lang='lat' dir='ltr'><strong>praeternavigantium</strong></span> <span class='ocrx_word' id='word_1_130' title='bbox 1520 1657 1825 1736; x_wconf 87' lang='lat' dir='ltr'><strong>injurias,</strong></span> <span class='ocrx_word' id='word_1_131' title='bbox 1869 1658 1991 1739; x_wconf 88' lang='lat' dir='ltr'><strong>jam</strong></span> <span class='ocrx_word' id='word_1_132' title='bbox 2022 1601 2098 1720; x_wconf 56' lang='lat' dir='ltr'><strong>ali</strong></span> <span class='ocrx_word' id='word_1_133' title='bbox 2128 1681 2242 1718; x_wconf 89' lang='lat' dir='ltr'><strong>an-</strong></span> 
     </span>
     <span class='ocr_line' id='line_1_17' title="bbox 259 1737 2240 1821; baseline 0 -20"><span class='ocrx_word' id='word_1_134' title='bbox 259 1738 631 1821; x_wconf 74' lang='lat' dir='ltr'><strong>tiquiss&#39;imis</strong></span> <span class='ocrx_word' id='word_1_135' title='bbox 673 1738 1075 1821; x_wconf 82' lang='lat' dir='ltr'><strong>temporibus</strong></span> <span class='ocrx_word' id='word_1_136' title='bbox 1116 1737 1372 1799; x_wconf 85' lang='lat' dir='ltr'><strong>deserta</strong></span> <span class='ocrx_word' id='word_1_137' title='bbox 1413 1738 1646 1801; x_wconf 85' lang='lat' dir='ltr'><strong>fuerat.</strong></span> <span class='ocrx_word' id='word_1_138' title='bbox 1713 1739 1987 1810; x_wconf 81' lang='lat' dir='ltr'><strong>deinde,</strong></span> <span class='ocrx_word' id='word_1_139' title='bbox 2052 1740 2240 1803; x_wconf 85' lang='lat' dir='ltr'><strong>Chal-</strong></span> 
     </span>
     <span class='ocr_line' id='line_1_18' title="bbox 258 1820 2246 1905; baseline 0 -20"><span class='ocrx_word' id='word_1_140' title='bbox 258 1821 624 1885; x_wconf 84' lang='lat' dir='ltr'><strong>cidensium</strong></span> <span class='ocrx_word' id='word_1_141' title='bbox 672 1820 1077 1903; x_wconf 82' lang='lat' dir='ltr'><strong>frequentata</strong></span> <span class='ocrx_word' id='word_1_142' title='bbox 1125 1820 1441 1891; x_wconf 85' lang='lat' dir='ltr'><strong>coloniis,</strong></span> <span class='ocrx_word' id='word_1_143' title='bbox 1505 1842 1695 1903; x_wconf 90' lang='lat' dir='ltr'><strong>quum</strong></span> <span class='ocrx_word' id='word_1_144' title='bbox 1742 1822 2134 1905; x_wconf 74' lang='lat' dir='ltr'><strong>agricultura</strong></span> <span class='ocrx_word' id='word_1_145' title='bbox 2175 1837 2246 1885; x_wconf 85' lang='lat' dir='ltr'><strong>et</strong></span> 
     </span>
     <span class='ocr_line' id='line_1_19' title="bbox 262 1900 2242 1987; baseline 0.001 -23"><span class='ocrx_word' id='word_1_146' title='bbox 262 1903 677 1964; x_wconf 82' lang='lat' dir='ltr'><strong>commerciis</strong></span> <span class='ocrx_word' id='word_1_147' title='bbox 714 1902 1057 1985; x_wconf 85' lang='lat' dir='ltr'><strong>plurimum</strong></span> <span class='ocrx_word' id='word_1_148' title='bbox 1098 1900 1518 1971; x_wconf 71' lang='lat' dir='ltr'><strong>effloruiss&#39;et,</strong></span> <span class='ocrx_word' id='word_1_149' title='bbox 1581 1904 1792 1965; x_wconf 82' lang='lat' dir='ltr'><strong>excisa</strong></span> <span class='ocrx_word' id='word_1_150' title='bbox 1879 1925 1953 1965; x_wconf 88' lang='lat' dir='ltr'><strong>er</strong></span> <span class='ocrx_word' id='word_1_151' title='bbox 1987 1902 2242 1987; x_wconf 84' lang='lat' dir='ltr'><strong>Philip-</strong></span> 
     </span>
     <span class='ocr_line' id='line_1_20' title="bbox 258 1926 2246 2072; baseline 0 -27"><span class='ocrx_word' id='word_1_152' title='bbox 258 2007 415 2072; x_wconf 80' lang='lat' dir='ltr'><strong>pum</strong></span> <span class='ocrx_word' id='word_1_153' title='bbox 445 1984 769 2063; x_wconf 81' lang='lat' dir='ltr'><strong>Olyntho,</strong></span> <span class='ocrx_word' id='word_1_154' title='bbox 814 1985 900 2044; x_wconf 84' lang='lat' dir='ltr'><strong>ita</strong></span> <span class='ocrx_word' id='word_1_155' title='bbox 940 1982 1224 2059; x_wconf 56' lang='lat' dir='ltr'><strong>redierat</strong></span> <span class='ocrx_word' id='word_1_156' title='bbox 1265 1982 1338 2043; x_wconf 83' lang='lat' dir='ltr'><strong>ad</strong></span> <span class='ocrx_word' id='word_1_157' title='bbox 1381 1982 1704 2067; x_wconf 83' lang='lat' dir='ltr'><strong>pristinam</strong></span> <span class='ocrx_word' id='word_1_158' title='bbox 1745 1926 2126 2057; x_wconf 55' lang='lat' dir='ltr'><strong>valYitatem,</strong></span> <span class='ocrx_word' id='word_1_159' title='bbox 2175 1999 2246 2046; x_wconf 87' lang='lat' dir='ltr'><strong>ut</strong></span> 
     </span>
     <span class='ocr_line' id='line_1_21' title="bbox 259 2062 2246 2149; baseline -0.002 -18"><span class='ocrx_word' id='word_1_160' title='bbox 259 2067 373 2131; x_wconf 76' lang='lat' dir='ltr'><strong>vix</strong></span> <span class='ocrx_word' id='word_1_161' title='bbox 404 2066 701 2129; x_wconf 83' lang='lat' dir='ltr'><strong>fanorum</strong></span> <span class='ocrx_word' id='word_1_162' title='bbox 734 2064 940 2127; x_wconf 83' lang='lat' dir='ltr'><strong>adhuc</strong></span> <span class='ocrx_word' id='word_1_163' title='bbox 968 2062 1231 2147; x_wconf 79' lang='lat' dir='ltr'><strong>vestigia</strong></span> <span class='ocrx_word' id='word_1_164' title='bbox 1254 2066 1810 2147; x_wconf 81' lang='lat' dir='ltr'><strong>conspicerentur.</strong></span> <span class='ocrx_word' id='word_1_165' title='bbox 1855 2067 2060 2149; x_wconf 86' lang='lat' dir='ltr'><strong>Igitur</strong></span> <span class='ocrx_word' id='word_1_166' title='bbox 2074 2071 2246 2128; x_wconf 87' lang='lat' dir='ltr'><strong>Nor-</strong></span> 
     </span>
     <span class='ocr_line' id='line_1_22' title="bbox 262 2146 2248 2231; baseline 0.001 -23"><span class='ocrx_word' id='word_1_167' title='bbox 262 2146 506 2218; x_wconf 78' lang='lat' dir='ltr'><strong>banus,</strong></span> <span class='ocrx_word' id='word_1_168' title='bbox 554 2148 667 2230; x_wconf 88' lang='lat' dir='ltr'><strong>qui</strong></span> <span class='ocrx_word' id='word_1_169' title='bbox 704 2148 1095 2231; x_wconf 84' lang='lat' dir='ltr'><strong>Sapaeorum</strong></span> <span class='ocrx_word' id='word_1_170' title='bbox 1135 2148 1357 2209; x_wconf 83' lang='lat' dir='ltr'><strong>fauces</strong></span> <span class='ocrx_word' id='word_1_171' title='bbox 1398 2146 1750 2219; x_wconf 79' lang='lat' dir='ltr'><strong>insederat,</strong></span> <span class='ocrx_word' id='word_1_172' title='bbox 1795 2147 1921 2225; x_wconf 80' lang='lat' dir='ltr'><strong>jam</strong></span> <span class='ocrx_word' id='word_1_173' title='bbox 1955 2148 2034 2209; x_wconf 83' lang='lat' dir='ltr'><strong>ad</strong></span> <span class='ocrx_word' id='word_1_174' title='bbox 2071 2166 2248 2209; x_wconf 86' lang='lat' dir='ltr'><strong>mare</strong></span> 
     </span>
     <span class='ocr_line' id='line_1_23' title="bbox 260 2224 2248 2311; baseline -0.002 -20"><span class='ocrx_word' id='word_1_175' title='bbox 260 2228 613 2291; x_wconf 83' lang='lat' dir='ltr'><strong>Thracium</strong></span> <span class='ocrx_word' id='word_1_176' title='bbox 654 2224 1021 2311; x_wconf 69' lang='lat' dir='ltr'><strong>perveniss&#39;e</strong></span> <span class='ocrx_word' id='word_1_177' title='bbox 1059 2228 1299 2289; x_wconf 82' lang='lat' dir='ltr'><strong>hostem</strong></span> <span class='ocrx_word' id='word_1_178' title='bbox 1340 2228 1609 2298; x_wconf 82' lang='lat' dir='ltr'><strong>videns,</strong></span> <span class='ocrx_word' id='word_1_179' title='bbox 1671 2230 1894 2291; x_wconf 81' lang='lat' dir='ltr'><strong>Saxam</strong></span> <span class='ocrx_word' id='word_1_180' title='bbox 1933 2252 1966 2291; x_wconf 85' lang='lat' dir='ltr'><strong>a</strong></span> <span class='ocrx_word' id='word_1_181' title='bbox 2006 2230 2248 2311; x_wconf 90' lang='lat' dir='ltr'><strong>Turpi-</strong></span> 
     </span>
     <span class='ocr_line' id='line_1_24' title="bbox 262 2308 2252 2395; baseline -0.002 -22"><span class='ocrx_word' id='word_1_182' title='bbox 262 2310 351 2373; x_wconf 77' lang='lat' dir='ltr'><strong>lis</strong></span> <span class='ocrx_word' id='word_1_183' title='bbox 390 2310 693 2371; x_wconf 82' lang='lat' dir='ltr'><strong>excitavit</strong></span> <span class='ocrx_word' id='word_1_184' title='bbox 727 2329 1050 2395; x_wconf 81' lang='lat' dir='ltr'><strong>propere,</strong></span> <span class='ocrx_word' id='word_1_185' title='bbox 1096 2324 1165 2371; x_wconf 90' lang='lat' dir='ltr'><strong>ut</strong></span> <span class='ocrx_word' id='word_1_186' title='bbox 1200 2310 1434 2389; x_wconf 87' lang='lat' dir='ltr'><strong>junctis</strong></span> <span class='ocrx_word' id='word_1_187' title='bbox 1473 2309 1723 2373; x_wconf 76' lang='lat' dir='ltr'><strong>viribus</strong></span> <span class='ocrx_word' id='word_1_188' title='bbox 1761 2308 2029 2382; x_wconf 76' lang='lat' dir='ltr'><strong>hostium</strong></span> <span class='ocrx_word' id='word_1_189' title='bbox 2059 2330 2252 2372; x_wconf 83' lang='lat' dir='ltr'><strong>cona-</strong></span> 
     </span>
     <span class='ocr_line' id='line_1_25' title="bbox 260 2388 2250 2475; baseline -0.003 -18"><span class='ocrx_word' id='word_1_190' title='bbox 260 2393 359 2457; x_wconf 83' lang='lat' dir='ltr'><strong>tui</strong></span> <span class='ocrx_word' id='word_1_191' title='bbox 402 2388 797 2454; x_wconf 72' lang='lat' dir='ltr'><strong>resisterent.</strong></span> <span class='ocrx_word' id='word_1_192' title='bbox 882 2394 974 2453; x_wconf 83' lang='lat' dir='ltr'><strong>lta</strong></span> <span class='ocrx_word' id='word_1_193' title='bbox 1006 2394 1283 2462; x_wconf 83' lang='lat' dir='ltr'><strong>Brutus,</strong></span> <span class='ocrx_word' id='word_1_194' title='bbox 1330 2392 1510 2453; x_wconf 83' lang='lat' dir='ltr'><strong>felici</strong></span> <span class='ocrx_word' id='word_1_195' title='bbox 1563 2390 2004 2475; x_wconf 79' lang='lat' dir='ltr'><strong>strategemate</strong></span> <span class='ocrx_word' id='word_1_196' title='bbox 2054 2412 2250 2468; x_wconf 75' lang='lat' dir='ltr'><strong>usus,</strong></span> 
     </span>
     <span class='ocr_line' id='line_1_26' title="bbox 260 2470 1770 2557; baseline -0.001 -21"><span class='ocrx_word' id='word_1_197' title='bbox 260 2476 531 2537; x_wconf 84' lang='lat' dir='ltr'><strong>relictas</strong></span> <span class='ocrx_word' id='word_1_198' title='bbox 569 2473 847 2535; x_wconf 81' lang='lat' dir='ltr'><strong>discess&#39;u</strong></span> <span class='ocrx_word' id='word_1_199' title='bbox 884 2475 1085 2535; x_wconf 81' lang='lat' dir='ltr'><strong>Saxae</strong></span> <span class='ocrx_word' id='word_1_200' title='bbox 1126 2470 1443 2557; x_wconf 81' lang='lat' dir='ltr'><strong>angustias</strong></span> <span class='ocrx_word' id='word_1_201' title='bbox 1481 2474 1770 2539; x_wconf 72' lang='lat' dir='ltr'><strong>intravit.</strong></span> 
     </span>
    </p>
   </div>
   <div class='ocr_carea' id='block_1_4' title="bbox 264 2586 2619 3979">
    <p class='ocr_par' dir='ltr' id='par_1_10' title="bbox 264 2586 2619 2925">
     <span class='ocr_line' id='line_1_27' title="bbox 388 2586 2614 2683; baseline 0.004 -26"><span class='ocrx_word' id='word_1_202' title='bbox 388 2594 680 2657; x_wconf 76' lang='lat' dir='ltr'><strong>xxvm.</strong></span> <span class='ocrx_word' id='word_1_203' title='bbox 730 2594 861 2657; x_wconf 83' lang='lat' dir='ltr'><strong>Sed</strong></span> <span class='ocrx_word' id='word_1_204' title='bbox 906 2596 1327 2659; x_wconf 86' lang='lat' dir='ltr'><strong>nihilominus</strong></span> <span class='ocrx_word' id='word_1_205' title='bbox 1378 2598 1709 2661; x_wconf 86' lang='lat' dir='ltr'><strong>occlusum</strong></span> <span class='ocrx_word' id='word_1_206' title='bbox 1753 2613 1892 2661; x_wconf 91' lang='lat' dir='ltr'><strong>erat</strong></span> <span class='ocrx_word' id='word_1_207' title='bbox 1931 2598 2060 2662; x_wconf 86' lang='lat' dir='ltr'><strong>iter</strong></span> <span class='ocrx_word' id='word_1_208' title='bbox 2079 2586 2102 2673; x_wconf 49' lang='lat'><strong>,⁴</strong></span> <span class='ocrx_word' id='word_1_209' title='bbox 2140 2602 2253 2661; x_wconf 86' lang='lat' dir='ltr'><strong>Ju-</strong></span> <span class='ocrx_word' id='word_1_210' title='bbox 2315 2612 2614 2683; x_wconf 65' lang='lat' dir='ltr'><strong>Rhascupo-</strong></span> 
     </span>
     <span class='ocr_line' id='line_1_28' title="bbox 264 2676 2619 2762; baseline 0.002 -23"><span class='ocrx_word' id='word_1_211' title='bbox 264 2677 459 2739; x_wconf 82' lang='lat' dir='ltr'><strong>lianis</strong></span> <span class='ocrx_word' id='word_1_212' title='bbox 504 2676 778 2737; x_wconf 82' lang='lat' dir='ltr'><strong>ducibus</strong></span> <span class='ocrx_word' id='word_1_213' title='bbox 824 2678 1217 2762; x_wconf 88' lang='lat' dir='ltr'><strong>Sapaeorum</strong></span> <span class='ocrx_word' id='word_1_214' title='bbox 1266 2694 1517 2742; x_wconf 80' lang='lat' dir='ltr'><strong>montes</strong></span> <span class='ocrx_word' id='word_1_215' title='bbox 1571 2694 1744 2741; x_wconf 84' lang='lat' dir='ltr'><strong>tanto</strong></span> <span class='ocrx_word' id='word_1_216' title='bbox 1793 2680 2005 2741; x_wconf 84' lang='lat' dir='ltr'><strong>acrius</strong></span> <span class='ocrx_word' id='word_1_217' title='bbox 2049 2679 2258 2743; x_wconf 81' lang='lat' dir='ltr'><strong>custo-</strong></span> <span class='ocrx_word' id='word_1_218' title='bbox 2279 2686 2415 2736; x_wconf 72' lang='lat' dir='ltr'><strong>nais</strong></span> <span class='ocrx_word' id='word_1_219' title='bbox 2443 2685 2619 2737; x_wconf 72' lang='lat' dir='ltr'><strong>consi·</strong></span> 
     </span>
     <span class='ocr_line' id='line_1_29' title="bbox 268 2754 2440 2841; baseline 0.001 -21"><span class='ocrx_word' id='word_1_220' title='bbox 268 2758 638 2830; x_wconf 66' lang='lat' dir='ltr'><strong>(fientibus,</strong></span> <span class='ocrx_word' id='word_1_221' title='bbox 688 2772 925 2841; x_wconf 85' lang='lat' dir='ltr'><strong>quanto</strong></span> <span class='ocrx_word' id='word_1_222' title='bbox 965 2780 1115 2841; x_wconf 87' lang='lat' dir='ltr'><strong>spes</strong></span> <span class='ocrx_word' id='word_1_223' title='bbox 1151 2775 1476 2823; x_wconf 83' lang='lat' dir='ltr'><strong>extremae</strong></span> <span class='ocrx_word' id='word_1_224' title='bbox 1511 2760 1738 2838; x_wconf 82' lang='lat' dir='ltr'><strong>majori</strong></span> <span class='ocrx_word' id='word_1_225' title='bbox 1778 2780 1930 2822; x_wconf 89' lang='lat' dir='ltr'><strong>cura</strong></span> <span class='ocrx_word' id='word_1_226' title='bbox 1965 2764 2254 2825; x_wconf 86' lang='lat' dir='ltr'><strong>retinen·</strong></span> <span class='ocrx_word' id='word_1_227' title='bbox 2279 2754 2440 2807; x_wconf 53' lang='grc' dir='ltr'><strong>ΨΜ·</strong></span> 
     </span>
     <span class='ocr_line' id='line_1_30' title="bbox 266 2839 2260 2925; baseline 0.002 -22"><span class='ocrx_word' id='word_1_228' title='bbox 266 2857 397 2903; x_wconf 89' lang='lat' dir='ltr'><strong>tur.</strong></span> <span class='ocrx_word' id='word_1_229' title='bbox 479 2844 749 2925; x_wconf 89' lang='lat' dir='ltr'><strong>Jamque</strong></span> <span class='ocrx_word' id='word_1_230' title='bbox 792 2839 1045 2903; x_wconf 84' lang='lat' dir='ltr'><strong>subibat</strong></span> <span class='ocrx_word' id='word_1_231' title='bbox 1081 2843 1405 2905; x_wconf 78' lang='lat' dir='ltr'><strong>Callianos</strong></span> <span class='ocrx_word' id='word_1_232' title='bbox 1444 2842 1868 2925; x_wconf 87' lang='lat' dir='ltr'><strong>poenitentia,</strong></span> <span class='ocrx_word' id='word_1_233' title='bbox 1917 2843 2090 2925; x_wconf 85' lang='lat' dir='ltr'><strong>quod</strong></span> <span class='ocrx_word' id='word_1_234' title='bbox 2127 2864 2260 2906; x_wconf 88' lang='lat' dir='ltr'><strong>non.</strong></span> 
     </span>
    </p>

    <p class='ocr_par' dir='ltr' id='par_1_11' title="bbox 268 2921 2364 3979">
     <span class='ocr_line' id='line_1_31' title="bbox 268 2921 2260 3007; baseline 0.001 -22"><span class='ocrx_word' id='word_1_235' title='bbox 268 2946 304 2985; x_wconf 86' lang='lat' dir='ltr'><strong>a</strong></span> <span class='ocrx_word' id='word_1_236' title='bbox 336 2922 666 3007; x_wconf 87' lang='lat' dir='ltr'><strong>principio</strong></span> <span class='ocrx_word' id='word_1_237' title='bbox 696 2921 1059 3003; x_wconf 87' lang='lat' dir='ltr'><strong>longiorem</strong></span> <span class='ocrx_word' id='word_1_238' title='bbox 1094 2924 1255 2983; x_wconf 84' lang='lat' dir='ltr'><strong>viam</strong></span> <span class='ocrx_word' id='word_1_239' title='bbox 1282 2924 1696 3007; x_wconf 80' lang='lat' dir='ltr'><strong>delegiss&#39;cnt:</strong></span> <span class='ocrx_word' id='word_1_240' title='bbox 1743 2944 1954 3005; x_wconf 87' lang='lat' dir='ltr'><strong>neque</strong></span> <span class='ocrx_word' id='word_1_241' title='bbox 1984 2926 2260 2986; x_wconf 87' lang='lat' dir='ltr'><strong>multum</strong></span> 
     </span>
     <span class='ocr_line' id='line_1_32' title="bbox 269 3002 2260 3089; baseline 0 -22"><span class='ocrx_word' id='word_1_242' title='bbox 269 3006 527 3075; x_wconf 84' lang='lat' dir='ltr'><strong>aberat,</strong></span> <span class='ocrx_word' id='word_1_243' title='bbox 587 3002 743 3087; x_wconf 83' lang='lat' dir='ltr'><strong>quin</strong></span> <span class='ocrx_word' id='word_1_244' title='bbox 790 3004 1164 3085; x_wconf 84' lang='lat' dir='ltr'><strong>relegerent</strong></span> <span class='ocrx_word' id='word_1_245' title='bbox 1201 3004 1464 3089; x_wconf 86' lang='lat' dir='ltr'><strong>vestigia</strong></span> <span class='ocrx_word' id='word_1_246' title='bbox 1507 3027 1656 3079; x_wconf 83' lang='lat' dir='ltr'><strong>sua,</strong></span> <span class='ocrx_word' id='word_1_247' title='bbox 1725 3025 2102 3089; x_wconf 84' lang='lat' dir='ltr'><strong>quamquam</strong></span> <span class='ocrx_word' id='word_1_248' title='bbox 2145 3027 2260 3067; x_wconf 82' lang='lat' dir='ltr'><strong>sua</strong></span> 
     </span>
     <span class='ocr_line' id='line_1_33' title="bbox 272 3086 2258 3169; baseline -0.001 -20"><span class='ocrx_word' id='word_1_249' title='bbox 272 3101 339 3149; x_wconf 92' lang='lat' dir='ltr'><strong>et</strong></span> <span class='ocrx_word' id='word_1_250' title='bbox 380 3086 530 3146; x_wconf 86' lang='lat' dir='ltr'><strong>anni</strong></span> <span class='ocrx_word' id='word_1_251' title='bbox 573 3098 868 3167; x_wconf 85' lang='lat' dir='ltr'><strong>tempora</strong></span> <span class='ocrx_word' id='word_1_252' title='bbox 910 3099 1144 3147; x_wconf 86' lang='lat' dir='ltr'><strong>tantam</strong></span> <span class='ocrx_word' id='word_1_253' title='bbox 1187 3107 1429 3149; x_wconf 85' lang='lat' dir='ltr'><strong>moram</strong></span> <span class='ocrx_word' id='word_1_254' title='bbox 1473 3108 1598 3147; x_wconf 91' lang='lat' dir='ltr'><strong>non</strong></span> <span class='ocrx_word' id='word_1_255' title='bbox 1635 3100 2036 3169; x_wconf 84' lang='lat' dir='ltr'><strong>paterentur.</strong></span> <span class='ocrx_word' id='word_1_256' title='bbox 2125 3086 2258 3148; x_wconf 77' lang='lat' dir='ltr'><strong>Sed</strong></span> 
     </span>
     <span class='ocr_line' id='line_1_34' title="bbox 272 3166 2255 3253; baseline 0 -23"><span class='ocrx_word' id='word_1_257' title='bbox 272 3170 508 3230; x_wconf 90' lang='lat' dir='ltr'><strong>iterum</strong></span> <span class='ocrx_word' id='word_1_258' title='bbox 558 3166 811 3248; x_wconf 85' lang='lat' dir='ltr'><strong>peritus</strong></span> <span class='ocrx_word' id='word_1_259' title='bbox 856 3167 1147 3231; x_wconf 87' lang='lat' dir='ltr'><strong>locorum</strong></span> <span class='ocrx_word' id='word_1_260' title='bbox 1180 3167 1612 3253; x_wconf 83' lang='lat' dir='ltr'><strong>Rhascupolis</strong></span> <span class='ocrx_word' id='word_1_261' title='bbox 1657 3166 2012 3253; x_wconf 78' lang='lat' dir='ltr'><strong>remedium</strong></span> <span class='ocrx_word' id='word_1_262' title='bbox 2057 3168 2255 3231; x_wconf 85' lang='lat' dir='ltr'><strong>rebus</strong></span> 
     </span>
     <span class='ocr_line' id='line_1_35' title="bbox 273 3246 2257 3333; baseline -0.002 -21"><span class='ocrx_word' id='word_1_263' title='bbox 273 3247 643 3333; x_wconf 81' lang='lat' dir='ltr'><strong>desperatis</strong></span> <span class='ocrx_word' id='word_1_264' title='bbox 705 3246 969 3319; x_wconf 84' lang='lat' dir='ltr'><strong>adtulit,</strong></span> <span class='ocrx_word' id='word_1_265' title='bbox 1045 3269 1295 3309; x_wconf 80' lang='lat' dir='ltr'><strong>montana</strong></span> <span class='ocrx_word' id='word_1_266' title='bbox 1347 3251 1672 3329; x_wconf 81' lang='lat' dir='ltr'><strong>Sapaeorum</strong></span> <span class='ocrx_word' id='word_1_267' title='bbox 1731 3250 1923 3307; x_wconf 83' lang='lat' dir='ltr'><strong>triduo</strong></span> <span class='ocrx_word' id='word_1_268' title='bbox 1978 3254 2257 3309; x_wconf 79' lang='lat' dir='ltr'><strong>circumiri</strong></span> 
     </span>
     <span class='ocr_line' id='line_1_36' title="bbox 268 3328 2253 3414; baseline -0.001 -23"><span class='ocrx_word' id='word_1_269' title='bbox 268 3332 413 3414; x_wconf 82' lang='lat' dir='ltr'><strong>poffi·</strong></span> <span class='ocrx_word' id='word_1_270' title='bbox 434 3373 453 3402; x_wconf 92' lang='lat'><strong>,</strong></span> <span class='ocrx_word' id='word_1_271' title='bbox 499 3328 743 3391; x_wconf 82' lang='lat' dir='ltr'><strong>docens</strong></span> <span class='ocrx_word' id='word_1_272' title='bbox 766 3370 783 3400; x_wconf 90' lang='lat'><strong>,</strong></span> <span class='ocrx_word' id='word_1_273' title='bbox 828 3332 993 3388; x_wconf 79' lang='lat' dir='ltr'><strong>inviis</strong></span> <span class='ocrx_word' id='word_1_274' title='bbox 1064 3330 1243 3389; x_wconf 73' lang='lat' dir='ltr'><strong>uidem</strong></span> <span class='ocrx_word' id='word_1_275' title='bbox 1279 3329 1345 3390; x_wconf 82' lang='lat' dir='ltr'><strong>ob</strong></span> <span class='ocrx_word' id='word_1_276' title='bbox 1378 3331 1722 3412; x_wconf 66' lang='lat' dir='ltr'><strong>asperitatem</strong></span> <span class='ocrx_word' id='word_1_277' title='bbox 1753 3348 1807 3391; x_wconf 73' lang='lat' dir='ltr'><strong>et</strong></span> <span class='ocrx_word' id='word_1_278' title='bbox 1841 3350 2106 3410; x_wconf 82' lang='lat' dir='ltr'><strong>aquarum</strong></span> <span class='ocrx_word' id='word_1_279' title='bbox 2133 3336 2253 3390; x_wconf 80' lang='lat' dir='ltr'><strong>ino-</strong></span> 
     </span>
     <span class='ocr_line' id='line_1_37' title="bbox 272 3408 2258 3497; baseline -0.002 -25"><span class='ocrx_word' id='word_1_280' title='bbox 272 3419 419 3497; x_wconf 72' lang='lat' dir='ltr'><strong>piam</strong></span> <span class='ocrx_word' id='word_1_281' title='bbox 458 3410 613 3483; x_wconf 78' lang='lat' dir='ltr'><strong>locis,</strong></span> <span class='ocrx_word' id='word_1_282' title='bbox 647 3410 749 3491; x_wconf 80' lang='lat' dir='ltr'><strong>sed</strong></span> <span class='ocrx_word' id='word_1_283' title='bbox 763 3408 1021 3492; x_wconf 72' lang='lat' dir='ltr'><strong>ficperabi</strong></span> <span class='ocrx_word' id='word_1_284' title='bbox 1042 3410 1181 3484; x_wconf 76' lang='lat' dir='ltr'><strong>ibus,</strong></span> <span class='ocrx_word' id='word_1_285' title='bbox 1228 3413 1516 3473; x_wconf 83' lang='lat' dir='ltr'><strong>dummodo</strong></span> <span class='ocrx_word' id='word_1_286' title='bbox 1548 3429 1770 3491; x_wconf 71' lang='lat' dir='ltr'><strong>portare</strong></span> <span class='ocrx_word' id='word_1_287' title='bbox 1800 3430 1993 3491; x_wconf 73' lang='lat' dir='ltr'><strong>aquam</strong></span> <span class='ocrx_word' id='word_1_288' title='bbox 2027 3432 2080 3471; x_wconf 84' lang='lat' dir='ltr'><strong>et</strong></span> <span class='ocrx_word' id='word_1_289' title='bbox 2111 3416 2258 3473; x_wconf 78' lang='lat' dir='ltr'><strong>viam</strong></span> 
     </span>
     <span class='ocr_line' id='line_1_38' title="bbox 274 3490 2260 3575; baseline -0.002 -20"><span class='ocrx_word' id='word_1_290' title='bbox 274 3497 493 3555; x_wconf 81' lang='lat' dir='ltr'><strong>munire</strong></span> <span class='ocrx_word' id='word_1_291' title='bbox 530 3513 637 3553; x_wconf 87' lang='lat' dir='ltr'><strong>non</strong></span> <span class='ocrx_word' id='word_1_292' title='bbox 672 3495 867 3573; x_wconf 80' lang='lat' dir='ltr'><strong>pigeat.</strong></span> <span class='ocrx_word' id='word_1_293' title='bbox 912 3490 1114 3552; x_wconf 83' lang='lat' dir='ltr'><strong>laboris</strong></span> <span class='ocrx_word' id='word_1_294' title='bbox 1154 3499 1294 3553; x_wconf 81' lang='lat' dir='ltr'><strong>enim</strong></span> <span class='ocrx_word' id='word_1_295' title='bbox 1330 3493 1562 3571; x_wconf 82' lang='lat' dir='ltr'><strong>aliqu&#39;us</strong></span> <span class='ocrx_word' id='word_1_296' title='bbox 1596 3492 1983 3563; x_wconf 74' lang='lat' dir='ltr'><strong>tantummodo,</strong></span> <span class='ocrx_word' id='word_1_297' title='bbox 2029 3492 2260 3575; x_wconf 75' lang='lat' dir='ltr'><strong>periculi</strong></span> 
     </span>
     <span class='ocr_line' id='line_1_39' title="bbox 315 3574 2260 3656; baseline -0.002 -20"><span class='ocrx_word' id='word_1_298' title='bbox 315 3576 496 3636; x_wconf 80' lang='lat' dir='ltr'><strong>u1&#39;dem</strong></span> <span class='ocrx_word' id='word_1_299' title='bbox 544 3574 754 3633; x_wconf 81' lang='lat' dir='ltr'><strong>nullius</strong></span> <span class='ocrx_word' id='word_1_300' title='bbox 792 3576 1059 3654; x_wconf 77' lang='lat' dir='ltr'><strong>negotium</strong></span> <span class='ocrx_word' id='word_1_301' title='bbox 1095 3574 1251 3655; x_wconf 79' lang='lat' dir='ltr'><strong>fhre.</strong></span> <span class='ocrx_word' id='word_1_302' title='bbox 1309 3574 1842 3656; x_wconf 80' lang='lat' dir='ltr'><strong>supervemurosque</strong></span> <span class='ocrx_word' id='word_1_303' title='bbox 1891 3578 2260 3654; x_wconf 64' lang='lat' dir='ltr'><strong>necopinanti-</strong></span> 
     </span>
     <span class='ocr_line' id='line_1_40' title="bbox 316 3654 2264 3739; baseline -0.003 -22"><span class='ocrx_word' id='word_1_304' title='bbox 316 3678 415 3729; x_wconf 70' lang='grc' dir='ltr'><strong>ω,</strong></span> <span class='ocrx_word' id='word_1_305' title='bbox 475 3656 689 3736; x_wconf 75' lang='lat' dir='ltr'><strong>quaudo</strong></span> <span class='ocrx_word' id='word_1_306' title='bbox 740 3672 965 3735; x_wconf 82' lang='lat' dir='ltr'><strong>propter</strong></span> <span class='ocrx_word' id='word_1_307' title='bbox 1014 3654 1327 3731; x_wconf 63' lang='lat' dir='ltr'><strong>densitatem</strong></span> <span class='ocrx_word' id='word_1_308' title='bbox 1376 3656 1636 3716; x_wconf 82' lang='lat' dir='ltr'><strong>arborum</strong></span> <span class='ocrx_word' id='word_1_309' title='bbox 1674 3654 1901 3715; x_wconf 82' lang='lat' dir='ltr'><strong>evadere</strong></span> <span class='ocrx_word' id='word_1_310' title='bbox 1933 3654 2128 3739; x_wconf 82' lang='lat' dir='ltr'><strong>poffint</strong></span> <span class='ocrx_word' id='word_1_311' title='bbox 2161 3660 2264 3715; x_wconf 80' lang='lat' dir='ltr'><strong>vix</strong></span> 
     </span>
     <span class='ocr_line' id='line_1_41' title="bbox 280 3732 2364 3817; baseline -0.001 -18"><span class='ocrx_word' id='word_1_312' title='bbox 280 3738 475 3799; x_wconf 75' lang='lat' dir='ltr'><strong>avibus</strong></span> <span class='ocrx_word' id='word_1_313' title='bbox 503 3734 877 3817; x_wconf 50' lang='lat' dir='ltr'><strong>conspiciendi.</strong></span> <span class='ocrx_word' id='word_1_314' title='bbox 939 3755 1141 3816; x_wconf 81' lang='lat' dir='ltr'><strong>quarta</strong></span> <span class='ocrx_word' id='word_1_315' title='bbox 1176 3738 1265 3797; x_wconf 85' lang='lat' dir='ltr'><strong>die</strong></span> <span class='ocrx_word' id='word_1_316' title='bbox 1294 3754 1655 3817; x_wconf 78' lang='lat' dir='ltr'><strong>perventuros</strong></span> <span class='ocrx_word' id='word_1_317' title='bbox 1687 3736 1762 3795; x_wconf 81' lang='lat' dir='ltr'><strong>ad</strong></span> <span class='ocrx_word' id='word_1_318' title='bbox 1778 3732 2019 3813; x_wconf 83' lang='lat' dir='ltr'><strong>fluvium</strong></span> <span class='ocrx_word' id='word_1_319' title='bbox 2036 3780 2053 3810; x_wconf 91' lang='lat'><strong>‚</strong></span> <span class='ocrx_word' id='word_1_320' title='bbox 2102 3738 2264 3797; x_wconf 78' lang='lat' dir='ltr'><strong>Har·</strong></span> <span class='ocrx_word' id='word_1_321' title='bbox 2357 3739 2364 3745; x_wconf 82' lang='grc'><strong><em>’</em></strong></span> 
     </span>
     <span class='ocr_line' id='line_1_42' title="bbox 272 3816 2272 3902; baseline 0 -25"><span class='ocrx_word' id='word_1_322' title='bbox 272 3816 479 3902; x_wconf 80' lang='lat' dir='ltr'><strong>peffum</strong></span> <span class='ocrx_word' id='word_1_323' title='bbox 520 3818 763 3889; x_wconf 78' lang='lat' dir='ltr'><strong>nomine,</strong></span> <span class='ocrx_word' id='word_1_324' title='bbox 822 3820 915 3897; x_wconf 82' lang='lat' dir='ltr'><strong>qui</strong></span> <span class='ocrx_word' id='word_1_325' title='bbox 955 3822 1013 3879; x_wconf 84' lang='lat' dir='ltr'><strong>in</strong></span> <span class='ocrx_word' id='word_1_326' title='bbox 1046 3817 1297 3892; x_wconf 79' lang='lat' dir='ltr'><strong>Hebrum</strong></span> <span class='ocrx_word' id='word_1_327' title='bbox 1338 3819 1555 3884; x_wconf 77' lang='lat' dir='ltr'><strong>incidit.</strong></span> <span class='ocrx_word' id='word_1_328' title='bbox 1634 3818 1762 3882; x_wconf 78' lang='lat' dir='ltr'><strong>inde</strong></span> <span class='ocrx_word' id='word_1_329' title='bbox 1803 3824 1964 3885; x_wconf 71' lang='lat' dir='ltr'><strong>unius</strong></span> <span class='ocrx_word' id='word_1_330' title='bbox 2007 3820 2118 3881; x_wconf 78' lang='lat' dir='ltr'><strong>diei</strong></span> <span class='ocrx_word' id='word_1_331' title='bbox 2160 3822 2272 3877; x_wconf 77' lang='lat' dir='ltr'><strong>iter</strong></span> 
     </span>
     <span class='ocr_line' id='line_1_43' title="bbox 285 3898 972 3979; baseline -0.007 -19"><span class='ocrx_word' id='word_1_332' title='bbox 285 3900 496 3979; x_wconf 82' lang='lat' dir='ltr'><strong>restare</strong></span> <span class='ocrx_word' id='word_1_333' title='bbox 532 3898 833 3979; x_wconf 78' lang='lat' dir='ltr'><strong>Philippos.</strong></span> <span class='ocrx_word' id='word_1_334' title='bbox 936 3908 972 3934; x_wconf 49' lang='lat' dir='ltr'>x</span> 
     </span>
    </p>
   </div>
   <div class='ocr_carea' id='block_1_5' title="bbox 286 4064 2268 4233">
    <p class='ocr_par' dir='ltr' id='par_1_12' title="bbox 286 4064 2268 4233">
     <span class='ocr_line' id='line_1_44' title="bbox 359 4064 2268 4162; baseline -0.004 -19"><span class='ocrx_word' id='word_1_335' title='bbox 359 4088 507 4162; x_wconf 78' lang='lat' dir='ltr'><strong>cap.</strong></span> <span class='ocrx_word' id='word_1_336' title='bbox 536 4087 749 4143; x_wconf 76' lang='lat' dir='ltr'><strong>xxw.</strong></span> <span class='ocrx_word' id='word_1_337' title='bbox 792 4084 1049 4155; x_wconf 70' lang='lat' dir='ltr'><strong>Appiam.</strong></span> <span class='ocrx_word' id='word_1_338' title='bbox 1087 4087 1239 4141; x_wconf 72' lang='lat' dir='ltr'><strong>Plut.</strong></span> <span class='ocrx_word' id='word_1_339' title='bbox 1276 4087 1435 4144; x_wconf 72' lang='lat' dir='ltr'><strong>ven.</strong></span> <span class='ocrx_word' id='word_1_340' title='bbox 1470 4106 1521 4158; x_wconf 74' lang='lat'><strong>2,</strong></span> <span class='ocrx_word' id='word_1_341' title='bbox 1554 4090 1644 4160; x_wconf 75' lang='lat'><strong>69.</strong></span> <span class='ocrx_word' id='word_1_342' title='bbox 1715 4064 2113 4159; x_wconf 69' lang='lat' dir='ltr'><strong>cap&#39;.xxx·11.</strong></span> <span class='ocrx_word' id='word_1_343' title='bbox 2153 4080 2268 4155; x_wconf 73' lang='lat' dir='ltr'><strong>Ap.</strong></span> 
     </span>
     <span class='ocr_line' id='line_1_45' title="bbox 286 4154 2238 4233; baseline 0.003 -23"><span class='ocrx_word' id='word_1_344' title='bbox 286 4156 453 4230; x_wconf 64' lang='lat' dir='ltr'><strong>piae.</strong></span> <span class='ocrx_word' id='word_1_345' title='bbox 527 4156 676 4230; x_wconf 77' lang='lat' dir='ltr'><strong>Cap.</strong></span> <span class='ocrx_word' id='word_1_346' title='bbox 704 4156 969 4216; x_wconf 77' lang='lat' dir='ltr'><strong>xxvlu.</strong></span> <span class='ocrx_word' id='word_1_347' title='bbox 1006 4154 1142 4213; x_wconf 78' lang='lat' dir='ltr'><strong>Diu.</strong></span> <span class='ocrx_word' id='word_1_348' title='bbox 1182 4156 1441 4233; x_wconf 64' lang='lat' dir='ltr'><strong>Appiam</strong></span> <span class='ocrx_word' id='word_1_349' title='bbox 2231 4161 2238 4179; x_wconf 86' lang='lat'>¹</span> 
     </span>
    </p>
   </div>
  </div>
 </body>
</html>
