2892 4684
540 974 1116 1082 JOHANNIS
1215 1005 1988 1085 anNSHEMu

340 1220 1074 1315 SUPPLEMENTORulu
1108 1198 1602 1279 lelANoRUM
1637 1222 1864 1276 LIBER
1889 1222 2192 1279 Lxxxu.

548 1415 635 1476 IN
678 1412 981 1475 Locum
1024 1410 1259 1471 me
1302 1410 1590 1475 cxxtv.
1636 1411 1717 1471 Τ.
1756 1408 1993 1477 mvn.
2045 1394 2054 1401 “

396 1656 449 1717 1.
505 1657 675 1717 Dum
716 1653 876 1720 baec
918 1660 987 1718 in
1023 1653 1247 1719 Africa
1286 1654 1578 1719 minores
1622 1657 1794 1720 inter
1832 1656 2032 1721 duces
2079 1658 2254 1721 ultro
2313 1668 2386 1726 U.
2419 1686 2478 1724 c.
2507 1682 2632 1738 '7²⁰-

276 1736 576 1820 citroque
624 1738 823 1813 liunt,
888 1738 963 1800 ad
1002 1740 1385 1821 Philippos,
1444 1740 1560 1799 ubi
1611 1740 1692 1799 de
1738 1760 1986 1815 ,summa
2035 1759 2253 1800 rerum
2315 1742 2387 1794 A.
2426 1740 2496 1792 G.
2527 1740 2620 1801 4²·

276 1820 678 1893 certabatur,
722 1822 1051 1904 paullatim
1088 1820 1165 1882 ad
1201 1818 1494 1879 universi
1527 1820 1765 1903 proelii
1799 1819 2001 1883 aleam
2031 1820 2254 1882 adees-
2315 1810 2566 1889 P“'?¹‘,”'

278 1920 415 1960 sum
454 1900 563 1962 est.
648 1906 745 1964 Ne
797 1923 877 1963 ue
920 1904 1091 1963 enim
1130 1900 1520 1963 desinebant
1551 1904 1788 1963 Caesar
1827 1924 1900 1964 ac
1935 1879 2350 1971 Antonius&
2366 1877 2646 1945 thmm

272 2001 639 2065 provocare
676 1984 763 2045 ho
790 1982 917 2045 iem
940 2028 957 2057 ‚
1021 1981 1299 2046 fidentes
1336 1984 1589 2047 viribus
1613 2024 1630 2056 ‚
1692 1994 1757 2045 et
1793 2005 1924 2045 non
1962 1984 2043 2043 de
2083 1998 2258 2044 com·

273 2078 489 2124 meatu
532 2079 774 2127 tantum
814 2064 1121 2139 solliciti,
1182 2063 1297 2124 sed
1340 2064 1570 2137 etiam,
1617 2084 1700 2125 ne
1745 2086 1867 2147 per
1905 2064 2260 2131 absentiam

276 2164 451 2205 suam
484 2147 829 2231 Pompeius
851 2189 867 2219 ‚
912 2147 1089 2208 Italia
1126 2158 1390 2227 recepta
1414 2188 1430 2216 ‚
1475 2146 1544 2206 in
1573 2146 2015 2207 Macedoniam
2049 2160 2262 2207 trans-

276 2226 431 2287 iret.
518 2229 754 2305 Contra
796 2229 1039 2290 Cass'ius
1085 2248 1157 2289 ac
1188 2230 1465 2301 Brutus,
1525 2228 1822 2310 utrisque
1863 2229 1928 2287 in
1972 2227 2262 2310 partibus

278 2310 459 2368 cives
498 2306 657 2371 stare
694 2308 1063 2393 cogitando,
1106 2326 1379 2393 parcere
1415 2307 1518 2369 his
1557 2328 1678 2391 pro
1711 2308 1980 2371 instituti
2017 2309 2115 2369 sui
2142 2308 2262 2370 hu·
2327 2361 2342 2381 χ

274 2391 580 2449 manitate
611 2391 977 2473 cupiebant,
1024 2404 1089 2451 et
1128 2391 1271 2451 sine
1308 2386 1619 2450 sanouine
1655 2392 1995 2451 victoriam
2032 2405 2264 2452 consez

278 2472 415 2554 qui.
494 2492 616 2533 nec
660 2475 833 2532 enim
878 2472 1196 2534 exercitui
1242 2487 1358 2531 suo
1406 2434 1828 2545 ‹liffidebant‚
1897 2473 2008 2556 qui
2049 2472 2267 2534 minor

279 2552 543 2634 quidem
580 2566 718 2615 erat
750 2552 983 2627 hostili,
1030 2552 1147 2615 sed
1187 2572 1344 2636 egre
1395 2554 1458 2614 ie
1498 2568 1922 2636 perat-mutue,
1969 2572 2264 2636 auroque

280 2646 348 2694 et
387 2648 653 2717 argento
694 2636 975 2718 plurimo
1011 2636 1247 2695 nitens.
1414 2636 1480 2694 ui
1531 2654 1611 2717 pe
1659 2638 1940 2707 Brutus,
2001 2649 2066 2696 et
2119 2634 2262 2719 ipse

280 2730 557 2789 amator,
604 2730 670 2777 et
713 2716 987 2777 ducibus
1035 2718 1169 2778 suis
1216 2729 1439 2777 auctor
1507 2714 1864 2797 rugalitatis
1908 2717 1973 2775 in
2017 2718 2261 2779 ceteris

277 2795 515 2869 rebus,
578 2798 699 2859 hac
744 2798 1064 2880 elegantia
1120 2810 1185 2859 et
1236 2796 1452 2881 pretio
1497 2798 1767 2858 militum
1819 2798 2258 2859 acui'animos

274 2877 576 2952 rebatur,
625 2894 727 2953 ut,
773 2901 902 2941 non
938 2894 1255 2962 tamquam
1283 2896 1476 2951 arma,
1525 2877 1642 2939 sed
1678 2880 1868 2941 etiam
1900 2900 2060 2975 opes
2091 2899 2259 2951 suas»,

276 2957 659 3041 diligentius
696 2974 1057 3023 tuerentur.
1162 2964 1244 3023 Et
1284 2980 1435 3020 sane
1477 2979 1603 3019 non
1643 2960 1870 3021 deerat
1907 2960 2009 3020 bis
2048 2961 2262 3043 copiis

276 3040 615 3119 alacritas;
694 3043 809 3103 sed
860 3057 925 3104 et
970 3041 1160 3117 ideo,
1226 3042 1373 3125 quia
1429 3041 1732 3123 plerique
1782 3062 1861 3104 ex
1897 3042 2261 3123 provinciis

275 3121 429 3183 lecti
472 3126 712 3187 milites
756 3139 960 3197 erant,
1006 3144 1295 3207 pugnare
1313 3121 1702 3205 cupiebant,
1748 3144 1877 3207 quo
1915 3123 2109 3184 citius
2143 3122 2262 3183 do-

273 3223 417 3264 mos
457 3207 983 3267 remitterentur:
1030 3219 1095 3267 et
1124 3203 1332 3267 hostes
1366 3206 1530 3265 adeo
1566 3218 1982 3268 contemnere
2023 3224 2263 3287 coepe-

276 3300 455 3361 rant,
520 3301 585 3348 ut
640 3286 1061 3349 sufflaminari
1112 3287 1394 3370 impetus
1451 3304 1673 3346 eorum
1721 3285 1886 3347 ultra
1931 3287 2260 3368 nequiret.

274 3364 541 3451 Quippe
580 3384 711 3430 tum
749 3369 1156 3431 timiditatem
1182 3411 1197 3442 ‚
1259 3382 1391 3429 tum
1430 3367 1619 3427 etiam
1659 3368 1940 3449 inopiam
1971 3367 2263 3429 Juliano·

274 3468 421 3507 rum
445 3450 805 3511 clariss'imis
828 3450 1088 3511 indiciis
1114 3449 1194 3511 tle
1244 3447 1612 3510 rehendiss'e
1635 3446 2020 3511 videbantur
2033 3468 2052 3526 3
2085 3444 2263 3532 quod

2283 1947 2542 1999 consilia·

156 3554 169 3563 ‘
276 3527 377 3589 illi
434 3532 655 3613 copias
704 3532 873 3592 intra
923 3530 1151 3591 vallum
1224 3528 1654 3601 ussraverant‚
1713 3544 1780 3591 et
1821 3528 2138 3592 militibus
2181 3530 2263 3591 ad
2319 3602 2324 3611 Ι

276 3610 671 3673 sacrificium
705 3612 1051 3697 paullulum
1090 3613 1402 3674 frumenti
1432 3630 1577 3673 cum
1606 3610 1892 3675 denariis
1963 3606 2135 3672 uinis
2161 3610 2264 3672 di-

274 3690 588 3754 viserant.
674 3696 760 3755 At
792 3694 1031 3755 Caffius
1068 3708 1131 3755 et
1161 3698 1427 3765 Brutus,
1471 3706 1543 3753 ut
1574 3692 1804 3755 sordes
1833 3692 1918 3755 ho
1972 3693 2103 3752 ium
2131 3706 2263 3754 tra-

276 3770 631 3848 ducerent,
690 3773 1063 3836 lustratione
1111 3775 1434 3836 exereitus
1485 3774 1554 3834 in
1599 3774 1967 3858 patentibus
2013 3775 2258 3857 campie

274 3852 597 3929 insti-tuta,
656 3856 1059 3918 victimarum
1098 3852 1365 3919 uberem
1407 3854 1661 3938 copiam
1743 3876 1817 3917 er
1851 3857 2256 3939 manipulos,

278 3948 349 3997 et
384 3936 691 4014 denarios
736 3938 984 4001 viritim
1017 3938 1480 4022 quinquaginta
1511 3934 1704 3999 distri
1753 3951 2004 3999 uerunt.

267 4124 493 4249 Ριξξι).
526 4118 579 4180 Ι.
624 4120 763 4196 nio,
792 4122 837 4183 1.
865 4126 955 4195 47.
1009 4116 1263 4199 Appiani.
1298 4116 1474 4207 civil.
1511 4118 1554 4180 l.
1587 4124 1641 4193 4.
1679 4122 1834 4182 Plut.
1866 4124 2081 4182 Bruto.
2118 4124 2258 4183 Dio.
