2892 4684
563 342 585 350 ἦ
658 257 753 322 m
793 253 1097 322 metm
1136 259 1302 324 Lm.
1348 220 1514 326 cin.
1559 260 1790 332 Lrvn.
2131 264 2214 348 9⁵

191 463 341 526 urbs
390 462 837 550 diriperetur
856 507 901 543 ,-
936 468 1272 533 insolitum
1326 473 1764 552 spectaculum
1817 472 1918 540 in.
1939 471 2208 568 quadam
2277 472 2344 534 D.
2367 491 2420 528 e.
2441 475 2572 542 704.

196 547 379 608 domo
422 547 967 634 irrumpentium
1006 551 1235 612 oculos
1284 553 1529 630 tenuit}
1596 574 1788 616 senes
1838 555 2074 636 viginti
2117 554 2211 633 ja·
2270 545 2434 600 A.c.
2462 545 2556 612 48·

200 641 409 689 centes
450 629 530 708 in
566 633 939 699 coenaculo
977 651 1121 693 eum
1154 634 1490 710 calicibus,
1546 635 1796 698 similes
1823 635 2050 708 ebriis,
2095 635 2212 698 sed

214 710 337 772 vita
364 709 526 772 casti
550 753 571 788 ‚
623 713 996 798 sedensque
1034 714 1199 776 alius
1234 714 1411 798 gestu
1446 717 1823 800 praebentis
1856 718 2210 802 potionem.

218 797 445 876 Nempe·
482 794 941 858 nobiliffimus
978 795 1293 880 quisque,
1354 814 1568 860 morte
1605 801 1941 882 asperiora
1979 799 2214 860 timen-

232 887 327 947 tes,
366 875 455 942 ad
502 875 845 939 medicum
888 891 1348 952 convenerant,
1396 879 1823 965 eumdemque
1857 880 2216 958 habuerant
2265 944 2270 952 ,

228 970 277 1016 et
304 954 691 1018 ministrum
724 959 1008 1021 mitioris
1042 960 1254 1021 exitus
1274 1003 1293 1034 ‚
1338 973 1406 1022 et
1442 963 1768 1024 comitem.

318 1081 509 1147 LVI.
565 1083 842 1156 Caesar,
906 1081 1123 1144 obiter
1156 1082 1429 1146 refectis
1465 1083 1818 1156 militibus,
1871 1087 2207 1168 Metropo-
2258 1063 2598 1165 Gomphensis

210 1159 319 1220 lim
341 1205 359 1232 ‚
405 1151 732 1246 oppidum
770 1178 839 1225 et
864 1166 1081 1248 ipsum
1117 1164 1476 1227 'l'hess'aliae
1497 1209 1514 1237 ‚
1560 1165 1895 1226 contendit
1927 1187 1998 1227 ea
2034 1167 2206 1228 cele·
2235 1175 2285 1242 *ζ
2320 1163 2589 1244 ΜΨΟΡΦ·

209 1243 415 1306 ritate
440 1287 459 1317 ,
509 1259 577 1306 ut
618 1243 849 1307 famam
881 1245 1085 1306 cladis
1121 1245 1634 1330 Gomphensium
1673 1248 1972 1308 anteiret.
2035 1234 2401 1342 Qua-“¹⁸⁴³m
2431 1235 2588 1315 ΑΜΕ·

212 1325 272 1384 si
308 1325 781 1389 bacchabundo
818 1328 1072 1411 agmine
1107 1342 1490 1412 perventum
1516 1326 1624 1400 est,
1670 1327 1845 1412 quod
1883 1329 2071 1389 miles
2115 1330 2209 1391 vi·
2237 1315 2596 1354 mentua-ems

214 1425 307 1466 no
349 1408 531 1490 apud
562 1409 887 1492 Gomphos
924 1423 1194 1491 reperto
1239 1430 1309 1471 se
1350 1410 1896 1493 ingurgitaverat,
1944 1409 2210 1472 Germa·
2239 1435 2516 1488 dedendum
2532 1456 2588 1491 se

220 1489 301 1546 ni
338 1503 496 1550 aute
534 1511 777 1564 omnes,
832 1505 1063 1552 vetere
1104 1492 1319 1574 gentis
1346 1505 1432 1552 -ct
1469 1491 1684 1552 tenaci
1721 1491 1992 1573 probro.
2081 1491 2214 1554 Sed
2242 1505 2490 1558 caesari.

233 1589 319 1630 ea
358 1590 607 1665 quoque
642 1591 751 1633 res
792 1571 1148 1651 commodo
1166 1573 1427 1635 Caesari
1469 1573 1672 1634 cess'it.
1739 1594 1886 1633 nam
1936 1587 2002 1635 et
2043 1594 2218 1636 mor-

238 1648 471 1710 borum
505 1675 623 1730 jam
656 1653 832 1715 inter
871 1674 987 1716 eos
1019 1653 1612 1734 ingravescentium
1650 1654 1894 1716 semina
1929 1654 2220 1738 largiore

246 1731 399 1794 vino
426 1733 689 1796 discuss'a
718 1748 901 1808 sunt,
948 1750 1014 1797 et
1048 1735 1343 1798 alacritas
1380 1737 1656 1798 militum
1691 1749 1872 1797 aucta
1912 1734 2015 1797 est.
2077 1741 2216 1798 Me-

247 1815 619 1896 tropolitae,
682 1837 875 1900 quum
926 1815 1005 1878 ad
1056 1813 1482 1884 resistendum
1539 1838 1612 1882 se
1660 1832 1994 1900 pararent,
2052 1819 2217 1880 visis

240 1893 745 1977 Gomphensium
792 1895 861 1960 ca
914 1897 1064 1960 tivis
1090 1939 1109 1970 ‚
1167 1912 1236 1959 et
1270 1899 1535 1982 cognito
1557 1923 1598 1971 ,r
1637 1898 1814 1982 quod
1849 1897 2216 1974 acciderat,

234 1995 305 2036 se
348 1979 644 2060 protinus
688 1993 842 2063 pote
868 1982 983 2041 tati
1028 1977 1316 2064 fideique
1354 1980 1654 2043 Caesaris
1709 1978 2215 2048 transdiderunt.

231 2059 469 2120 Caesar
522 2059 648 2123 hos
704 2060 1058 2145 diligenter
1110 2062 1562 2126 conservavit:
1621 2062 1941 2156 brevique
1997 2081 2218 2122 rerum

232 2157 447 2200 earum
482 2140 792 2227 disperso
818 2163 1117 2218 rumore,
1165 2141 1678 2227 Gomphensium
1707 2143 1894 2203 maha
1922 2142 2120 2204 rebus
2151 2155 2220 2204 et

222 2223 437 2283 Metro
486 2223 793 2286 olitarum
836 2224 1292 2287 tolerabilibus
1345 2243 1571 2286 omnes
1615 2237 1948 2307 permotae
1989 2224 2216 2285 civita·
2323 2287 2329 2294 ,

222 2314 327 2364 tes
370 2325 403 2364 a
488 2305 834 2368 Caesarem
879 2325 952 2367 se
992 2307 1442 2376 contulerunt,
1505 2305 1800 2389 exceptis
1833 2305 2216 2368 Lariffensi·

216 2383 377 2458 bus,
422 2385 505 2446 ad
542 2407 820 2470 quorum
859 2387 1085 2450 urbem
1121 2387 1345 2472 Scipio
1380 2388 1506 2469 jam
1541 2385 1909 2448 access'erat.
2190 2385 2202 2394 ⁸

343 2515 543 2577 Lvu.
601 2519 839 2594 Baucis
878 2515 1015 2602 post
1056 2518 1322 2590 diebus.
1369 2539 1564 2602 quum
1601 2517 1883 2580 adventu
1911 2517 2210 2602 Pompeii
2271 2525 2590 2600 Pompeiam·

219 2596 288 2657 in
333 2596 721 2662 Thess'aliam
768 2599 896 2662 duo
944 2601 1159 2684 magni
1198 2598 1471 2662 hostium
1514 2601 1842 2662 exercitus
1881 2598 2212 2678 conjuncti
2236 2599 2583 2678 moram-im-

220 2679 463 2752 strant,
522 2680 685 2741 adeo
729 2684 939 2744 crevit
980 2682 1313 2744 hominum
1358 2681 1656 2754 audacia,
1717 2695 1822 2755 ut,
1879 2683 2035 2743 belli
2074 2696 2209 2744 tan·
2233 2679 2590 2734 P‘''“²⁰'‘¹⁸“‘·

116 2835 125 2842 .
216 2773 357 2822 tum
394 2781 525 2822 non
568 2763 1019 2836 immemores,
1067 2764 1137 2826 id
1168 2763 1365 2828 modo
1403 2763 1804 2852 cogitarent,
1860 2784 1982 2846 qua
2013 2764 2212 2824 ratio·
2235 2745 2447 2786 “mm“

215 2861 303 2903 ne
346 2845 690 2904 maximum
738 2866 775 2908 e
820 2846 1097 2908 victoria
1139 2847 1423 2908 fructum
1467 2866 1591 2928 pro
1635 2864 1706 2904 se
1745 2844 2026 2928 quisque
2062 2865 2214 2927 per·
2310 2902 2316 2908 .

220 2924 283 2984 ci
332 2938 547 2986 erent.
632 2927 837 3008 Igitur
876 2926 999 3007 jam
1044 2929 1373 3010 increpari
1414 2924 1713 3009 Pompeii
1759 2946 2003 2987 moram
2051 2945 2215 3009 quo·

216 3006 269 3066 ti
320 3007 540 3066 ian'um
567 3022 731 3081 erat,
774 3009 887 3090 qui
913 3009 1308 3092 exploratam
1342 3008 1680 3070 victoriam
1715 3028 1844 3067 non
1877 3008 1998 3068 alia
2029 3027 2214 3068 caus-

218 3109 291 3148 sa
328 3083 676 3163 differret,
738 3111 927 3172 quam
974 3110 1104 3174 quo
1150 3090 1393 3152 diutius
1439 3089 1680 3151 talibus
1723 3089 1887 3148 viris
1933 3090 2212 3171 impera-

216 3181 343 3230 ret.
434 3170 684 3252 Regem
724 3191 951 3254 regum
984 3172 1309 3234 Domitius
1350 3171 1643 3233 vocabat.
1691 3183 1757 3231 et
1788 3173 2213 3250 Agamemno·

215 3270 392 3326 nem,
440 3249 615 3332 quod
644 3253 701 3314 is
732 3273 1015 3336 quoque,
1060 3253 1219 3313 belli
1248 3253 1478 3323 caussa,
1509 3252 1650 3334 pari
1682 3249 1996 3332 dignitate
2023 3271 2215 3333 prae-

220 3331 378 3393 ditis
419 3331 789 3414 imperarat.
822 3328 839 3336 ’
878 3337 963 3394 Μ.
998 3335 1324 3396 Favonius
1409 3354 1482 3394 er
1503 3333 1886 3414 Pompejum
1915 3329 2076 3392 stare
2110 3331 2212 3392 di-

220 3412 529 3486 ctitabat,
590 3435 716 3498 quo
761 3415 971 3477 minus
1014 3436 1094 3476 eo
1138 3435 1303 3476 anno
1397 3433 1512 3476 cus
1550 3413 1944 3474 Tusculanas
1984 3411 2207 3474 ess'cnt.

217 3497 291 3555 L.
326 3495 665 3568 Afranius,
710 3517 902 3580 quem
934 3498 1152 3558 Attius
1188 3495 1397 3558 Rufus
1434 3494 1650 3578 pretio
1681 3507 1946 3576 accepto
1979 3493 2210 3578 prodi-

220 3575 379 3637 ‹liss'e
422 3577 781 3638 exercitum
818 3593 1157 3673 arguerat,
1220 3575 1529 3638 demirari
1567 3597 1640 3638 se
1678 3575 1920 3657 ajebat,
1981 3596 2207 3660 quem-,
2303 3632 2310 3639 .

219 3657 563 3719 admodum
620 3679 777 3720 cum·
820 3660 1143 3721 licitatore
1198 3659 1530 3742 legionum
1583 3671 1796 3719 tantus
1850 3655 2207 3740 imperator

217 3757 349 3801 non
402 3738 677 3812 auderet,
726 3738 1109 3824 confligere.
1212 3739 1343 3802 Sed
1393 3737 1746 3824 Pompeius
1803 3735 2212 3800 atterendum

219 3819 464 3882 hostem
520 3842 703 3897 mora
757 3835 823 3883 et
874 3821 1302 3885 incommodis
1351 3835 1536 3884 recte
1589 3833 1968 3884 censuerat:
2031 3820 2207 3881 omui
2273 3885 2288 3894 ,

278 4011 429 4082 Cap.
462 4010 587 4090 13V.
639 4007 900 4081 Appian-
973 4009 1119 4080 Gap.
1150 4007 1305 4063 LVI.
1344 4005 1806 4082 CaesrAppian.
1841 4003 1994 4128 lilut'.
2033 4003 2204 4058 Caes.

216 4077 779 4222 ffssffaesswissssiit
817 4075 1669 4223 {fse.¹⁴3s23.¹;.¹’221².22.¹2353;¹:⁷‘
1687 4073 1780 4132 ⁵³·
1817 4073 1860 4129 ¹²
1883 4083 1970 4132 ¹⁸·
1991 4075 2208 4176 ΜΡ·

1048 4423 1097 4440 Q

2248 1367 2500 1420 Thessalis
2517 1372 2586 1422 ad
2673 1363 2676 1366 ⁴
