2892 4684
535 251 544 260 ’
603 271 690 334 m
730 267 1032 334 metm
1072 267 1236 332 mn.
1273 238 1526 334 c'xxn.
1570 267 1801 335 mvn.
1994 225 1999 230 ’
2070 263 2191 349 ³93

229 500 362 542 rum
391 483 619 539 maxime
641 483 880 561 gratiam
902 477 1206 559 parandam
1233 475 1332 558 effi·
1363 499 1553 560 magna
1582 499 1635 540 et
1658 477 1941 559 praeclara
1968 473 2189 537 molien-
2246 476 2319 532 U.
2340 494 2391 530 ο.
2414 490 2536 544 7⁰9·

231 563 382 622 tibus
401 603 419 632 ‚
465 565 677 641 Jernper
709 561 983 621 admonui.
1052 579 1194 617 stunc
1233 581 1361 620 vero
1397 565 1558 620 etiam
1581 555 1943 642 singulariter
1978 576 2081 638 pro
2112 559 2189 618 li-
2244 545 2319 601 Α·
2338 545 2405 600 C·
2424 545 2516 613 43·

229 641 449 702 bertate
472 643 698 702 Romani
727 645 955 700 nominis
987 657 1144 699 tanta
1176 659 1503 720 coeptantem
1536 642 1731 701 hortor
1761 661 1923 721 atque
1949 659 2045 699 oro
2063 681 2081 712 ‚
2126 660 2191 700 ut

233 741 366 782 ante
399 727 572 782 omnia
593 721 856 802 flammam
896 721 998 780 tibi
1031 717 1222 779 horum
1257 719 1548 781 habendam
1583 722 1682 803 effe
1716 727 1979 781 rationem
2015 738 2190 799 putes.

230 800 323 864 his
367 803 671 864 auctoribus
689 847 706 876 ‚
766 801 904 862 nihil
950 821 1058 860 non
1095 801 1345 882 pro-,spere
1386 804 1535 862 cedet
1549 825 1567 862 .·
1628 803 1711 862 his
1748 801 2157 882 adversantibus
2172 842 2191 879 ,
2440 818 2455 847 ⁸

224 901 428 964 parum
453 887 562 944 erit
586 889 646 943 in
671 881 1024 964 quantislibet
1051 881 1330 960 praesidiis
1347 883 1488 961 spei.
1574 885 1829 945 Ceterum
1858 902 1982 942 ante
2006 899 2199 961 paucos

229 963 328 1024 bos
356 985 542 1036 annos,
585 985 748 1044 quum
781 985 849 1022 ex
887 965 1210 1022 auctoritate
1234 961 1482 1044 Caesaris
1504 963 1708 1044 foedus
1740 963 2007 1032 vobiscum
2033 984 2197 1022 reno-

231 1065 418 1106 vatum
454 1045 527 1123 est
543 1089 560 1117 ‚
592 1048 787 1124 jurati
817 1045 1044 1103 dextras
1077 1043 1340 1125 accepistis
1373 1045 1713 1126 dedistisque.
1798 1047 1883 1106 Ea
1910 1038 2051 1122 fides
2069 1085 2085 1118 ‚
2133 1065 2197 1103 ea

213 1125 510 1208 foederum
563 1127 668 1186 reli
701 1128 752 1184 io
792 1125 1031 1206 summae
1071 1123 1367 1184 hominibus
1410 1147 1573 1185 curae
1610 1125 1707 1206 ff
1746 1126 1937 1195 debet,
2010 1143 2061 1183 et
2100 1129 2197 1204 qut’

225 1208 378 1290 apud
415 1145 744 1266 immortaffes
780 1207 932 1266 Deos
966 1203 1184 1284 adipisci
1209 1209 1451 1287 gratiam
1480 1207 1783 1287 postulant,
1842 1225 1897 1266 et
1932 1209 2023 1285 qui
2057 1211 2195 1266 reti-

225 1309 361 1348 nere
395 1289 582 1348 bonam
615 1292 761 1346 inter
799 1287 1033 1346 homines
1053 1286 1300 1368 fimana.-
1341 1307 1406 1346 ut
1442 1289 1511 1348 de
1544 1287 1785 1348 utilitate
1807 1288 1932 1367 jam
1971 1305 2192 1359 taceam,

225 1389 364 1448 quae
383 1370 666 1451 servantes
699 1385 980 1448 pactorum
1007 1385 1168 1448 atque
1187 1365 1481 1449 foederum
1512 1369 1664 1428 ultro
1685 1369 1958 1452 sequitur.
2046 1367 2196 1427 Nam

225 1469 286 1508 et
331 1471 448 1511 cum
489 1451 572 1509 bis
615 1445 942 1528 cupidtffi'me
973 1447 1224 1529 jungunt
1263 1453 1551 1509 amicitiam
1584 1452 1910 1529 prudentes:
1968 1465 2021 1505 et
2062 1447 2197 1508 hanc

226 1530 474 1610 defit-ere
493 1571 509 1602 ‚
551 1528 942 1610 quantumlibet
978 1525 1273 1606 neceffitate
1307 1529 1471 1609 preffi
1486 1573 1503 1602 ‚
1550 1531 2005 1591 verecundantur.
2093 1533 2189 1600 At,

227 1629 460 1690 quorum
481 1611 723 1692 suspecta
753 1629 851 1670 ant
884 1609 1093 1670 credita
1129 1609 1324 1670 levitas
1357 1613 1463 1689 est,
1508 1633 1593 1670 eos
1620 1632 1675 1672 et
1704 1611 1770 1672 ab
1793 1611 1917 1670 aliis
1936 1609 2078 1692 falli
2102 1631 2195 1670 nec

226 1691 542 1754 admiratur
577 1697 854 1772 quisquam
872 1733 890 1764 ‚
951 1711 1042 1750 nec
1081 1691 1362 1771 irascitur.
1447 1692 1597 1751 Haec
1628 1713 1805 1752 autem
1842 1711 2002 1772 quum
2036 1696 2196 1750 etiam

228 1775 379 1832 inter
413 1770 779 1856 infi‘nfiffimos
813 1771 976 1849 hostes
1011 1769 1254 1832 obtinere
1284 1771 1507 1832 debeant
1527 1815 1543 1840 ..
1602 1793 1799 1852 quanto
1836 1775 2002 1852 magis
2031 1791 2195 1852 prae-

208 1853 415 1932 standa
447 1855 581 1934 sunt
623 1858 840 1924 anneis,
894 1851 1221 1930 hospitibus,
1281 1852 1513 1912 alumnis
1532 1853 1562 1911 ‚²
1621 1853 1751 1912 Non
1790 1851 1995 1933 poffum
2029 1851 2195 1932 plura

221 1951 360 2014 prae
391 1933 629 1998 lacrimis
661 1935 827 2015 loqui.
879 1933 982 2013 fi’d
1019 1955 1182 2013 neque
1213 1933 1501 1994 verborum
1540 1938 1704 2016 tnagis
1736 1933 1848 2005 hoc,
1892 1951 2047 2012 quam
2074 1936 2191 2013 pie·

225 2019 398 2088 tatis,
454 2012 484 2074 ὀ
523 2037 584 2074 us
624 2015 729 2091 eli:
788 2033 876 2086 et,
923 2011 984 2092 [ι
1023 2013 1146 2072 haec
1191 2035 1524 2074 contemnere
1569 2019 1809 2094 poteris,
1856 2011 2192 2094 supervacua

221 2100 395 2153 omnis
431 2034 518 2172 esp
533 2100 743 2154 oratio:
783 2115 949 2174 neque
984 2099 1122 2153 enim
1155 2115 1396 2155 moveare
1415 2137 1432 2169 ,
1478 2093 1689 2177 tametfi'
1703 2096 1939 2177 plurima
1974 2113 2029 2154 et
2051 2113 2188 2176 gra-

222 2171 431 2252 vtffi'mo
467 2177 849 2257 proferantur.

343 2299 508 2358 xm.
551 2297 730 2358 Haec
757 2297 938 2380 largo
967 2317 1110 2359 cum
1141 2294 1295 2356 fletu
1320 2297 1748 2381 proloquutus
1775 2296 2001 2358 senior
2025 2295 2188 2360 adeo
2246 2289 2428 2372 fimf?
2448 2307 2527 2347 '⁴'-

221 2379 568 2440 commovit
605 2379 912 2450 Caffium,
973 2392 1042 2439 ut
1087 2398 1242 2462 prae
1295 2379 1682 2439 verecundia
1722 2380 2007 2440 colorem
2048 2399 2185 2438 mu·
2210 2375 2441 2430 ⁸7⁰⁸⁸¹⁰·

217 2473 406 2521 ται-ει.
489 2461 734 2523 Educta
774 2475 982 2522 tamen
1023 2481 1103 2522 ex
1138 2459 1440 2522 Archelai
1483 2460 1772 2522 manibus
1808 2459 2063 2520 dextra:
2126 2461 2187 2522 Si

213 2540 540 2680 peti-'sicadere
577 2545 802 2601 Rhodiis
844 2542 1060 2618 noluisti
1079 2584 1097 2615 ‚
1161 2561 1227 2600 ut
1265 2542 1591 2617 abstinerent
1623 2545 1885 2621 injuriam
1928 2561 1961 2598 a
1994 2540 2182 2614 nobis,

221 2626 294 2680 mi
329 2625 350 2680 i
375 2619 610 2700 suadere
645 2643 750 2681 non
785 2623 976 2693 debes,
1032 2644 1095 2683 ut
1133 2624 1412 2702 adceptam
1449 2621 1630 2702 uicisti
1650 2622 2048 2763 superledeam.
2094 2619 2186 2702 fin

221 2721 354 2762 vero
390 2703 510 2762 haec
545 2721 784 2783 agentem
821 2704 1012 2761 audire
1047 2703 1428 2784 neglexerunt,
1472 2719 1663 2781 poenas
1700 2703 1763 2762 ab
1834 2709 1881 2762 is
1915 2721 2180 2781 expetant,⁴

221 2802 255 2840 a
279 2780 472 2862 quibus
501 2799 832 2862 contemptus
859 2805 930 2846 es.
1025 2783 1128 2842 Ubi
1159 2804 1291 2843 vero
1327 2803 1486 2844 erant
1522 2783 1608 2842 illi
1640 2785 1869 2858 Rhodii,
1908 2805 2041 2866 gens
2053 2783 2179 2862 stu-

219 2863 368 2944 diofiz
400 2863 704 2934 libertatis,
763 2865 1024 2922 amicitiae
1057 2883 1259 2936 tenax,
1302 2864 1531 2946 hospites
1550 2905 1568 2936 ,
1626 2865 1868 2948 magistri
1902 2888 1955 2924 et
1986 2866 2179 2924 educa-

221 2965 366 3005 tores
399 2949 535 3017 mei,
591 2965 754 3026 quum
786 2962 960 3024 nuper
991 2943 1200 3002 auxilia
1232 2961 1495 3022 petentem
1533 2944 1877 3022 rejecerunt?
1932 2949 2011 3007 At
2056 2946 2179 3005 Do·
2236 2941 2470 3026 Anu-¹⁰⁶¹

216 3025 441 3087 labellae
457 3026 719 3107 miserunt
737 3045 896 3085 naves
910 3065 926 3097 ,
971 3029 1066 3104 qui
1086 3045 1178 3083 nec
1193 3024 1451 3086 educatus
1470 3025 1533 3088 ab
1551 3023 1654 3100 his,
1702 3047 1795 3086 nec
1815 3029 2065 3086 eruditus
2088 3025 2179 3102 est,
2206 3027 2309 3061 ”⁰⁸
2334 3027 2507 3064 ’ΨΜ

218 3125 282 3168 et.
293 3109 608 3169 libertatem.
618 3107 910 3166 conabatur
933 3108 1253 3188 opprimere,
1297 3126 1457 3188 quam
1485 3127 1576 3188 ego
1605 3125 1658 3166 et
1674 3108 1891 3168 Brutus
1920 3129 2039 3170 cum
2060 3107 2184 3169 aliis
2206 3079 2514 3158 “pubem''

214 3189 549 3272 principibus
591 3188 951 3272 defendimus.
1665 3229 1689 3252 ι

339 3313 512 3374 xlv.
563 3311 754 3392 Neque
789 3331 918 3371 vero
949 3309 1166 3390 prodest
1197 3309 1426 3373 Rhodiis
1461 3309 1545 3370 hic
1577 3309 1755 3384 color,
1828 3331 1909 3389 ‘ua
1928 3333 1949 3369 t
1980 3309 2188 3392 misceri

221 3394 396 3456 nolint
430 3391 677 3458 civilibus
708 3394 1070 3454 Romanorum
1101 3395 1292 3454 armis.
1350 3389 1511 3469 effent
1537 3390 1739 3464 civilia,
1768 3331 1839 3474 [ἕ
1856 3412 1951 3450 nos
1982 3412 2187 3473 quoque

209 3477 516 3560 faceremus
545 3483 732 3555 p'artes
749 3517 766 3549 ,
811 3494 864 3534 et
899 3473 1130 3549 nostram
1167 3473 1240 3531 ad
1267 3476 1563 3554 potentiam
1592 3491 1683 3530 res
1718 3473 1936 3534 trahere
1966 3492 2187 3535 conare-

213 3561 366 3620 mur.
453 3555 617 3615 Nunc
635 3604 654 3632 ‚
715 3557 807 3617 ubi
847 3572 1034 3636 aperto
1071 3551 1210 3616 bello
1251 3553 1375 3617 hinc
1412 3551 1789 3634 rempublicam
1810 3553 1961 3632 stare
1980 3597 1997 3626 ,
2060 3555 2187 3616 inde
2272 3563 2275 3566 ’

219 3657 480 3716 tyrannos
498 3678 515 3709 ,
573 3637 878 3720 intelligitis
897 3679 913 3710 ,
962 3635 1186 3718 frustra
1217 3635 1433 3718 poscitis
1467 3653 1499 3692 a
1530 3633 1681 3696 nobis
1708 3639 1982 3716 oratisque
2014 3635 2185 3695 liber-

220 3739 384 3783 tatem
402 3761 420 3791 ‚
459 3735 562 3798 pro
599 3739 702 3796 qua
741 3718 1010 3780 nobiscnm
1039 3734 1384 3797 propugnare
1417 3721 1759 3784 cunctamini,
1837 3719 2054 3780 Adeone
2090 3737 2188 3776 vos

219 3819 299 3866 tot
331 3801 469 3860 clari
501 3802 636 3870 viri,
679 3803 832 3858 amici
865 3797 1109 3878 plerique
1140 3797 1204 3861 ho
1263 3804 1487 3877 itesque,
1528 3817 1561 3855 a
1595 3797 1786 3879 quibus
1818 3796 2184 3880 dfinfi'sem-

213 3898 348 3962 per,
405 3903 438 3940 a
482 3879 675 3960 quibus
717 3882 902 3939 ornati
943 3879 1062 3956 estis
1082 3921 1100 3952 ‚
1163 3817 1298 3940 nissil
1346 3899 1669 3940 commovent
1688 3921 1706 3952 ‚
1767 3881 1969 3941 indicta
2011 3877 2183 3956 caufflt

219 3965 580 4032 condemnati,
623 3959 950 4040 proscripti,
995 3965 1150 4019 exuti
1181 3959 1332 4021 bonis
1350 4002 1366 4033 ‚
1415 3959 1573 4036 ejecti
1596 3964 1781 4042 patria
1798 4006 1817 4038 ‚
1858 3965 1975 4023 vita
2002 3981 2062 4020 ac
2088 3961 2180 4020 lu-

218 4064 272 4110 ce
304 4039 540 4123 depulfi,
599 4063 665 4102 ut
689 4042 1014 4123 fise-currere
1053 4041 1239 4102 nolitis
1275 4041 1467 4122 populo
1499 4041 1771 4123 Romano5
1824 4045 1979 4132 cujus
2005 4043 2179 4128 [ῥάσ-
2502 4081 2517 4108 s

221 4139 380 4194 ,tatem
413 4145 571 4218 atque
607 4125 894 4190 amicitiam
913 4125 1138 4204 jactare
1173 4145 1278 4186 uon
1309 4123 1593 4215 definitis?
2012 4131 2020 4136 ’
