2892 4684
307 513 378 569 U.
412 531 465 568 c.
492 534 615 586 7¹⁰·

305 584 379 635 A.
409 584 475 638 C.
512 593 601 652 4².

306 654 496 705 Omina
518 668 572 707 σε

263 723 517 789 prodigia
529 739 621 775 an.

266 800 320 839 te
350 788 599 864 Philippi

262 874 522 928 pugnam·

648 310 771 386 430
826 313 1224 377 FREINSH.
1246 306 2075 411 SUrPLEMENTORUM
2097 310 2247 372 Lm.
2269 308 2623 371 LXXXIX.

768 526 844 585 ΙΙ.
888 524 989 582 Eo
1015 535 1308 603 tempore
1335 540 1592 582 saevum
1625 538 1812 581 omen
1838 520 2120 583 oblatum
2145 518 2349 580 Cassio
2375 516 2622 578 ferunt.

644 626 785 665 nam
826 601 1413 665 inter-lustrandum
1451 602 1645 663 lictor
1669 602 2001 685 perversis
2029 601 2315 662 fascibus
2339 601 2628 659 lauream

646 685 974 769 imposuit.
1059 686 1202 745 Alia
1246 704 1504 768 quoque
1549 685 1795 745 circum
1837 685 1944 744 il-la
1979 680 2271 765 tempora
2319 694 2468 743 sunt
2511 680 2625 739 ad-

644 783 858 829 notata
892 766 1084 828 multa
1114 766 1435 849 prodigia.
1508 768 1684 826 Puer
1715 766 1781 826 in
1863 788 2068 849 ompa,
2113 765 2447 829 Victoriae
2485 762 2627 823 cul-

641 861 713 911 tu
748 848 1126 920 adornatus,
1171 847 1425 909 ferculo
1463 846 1729 909 decidit.
1813 789 2082 910 gen-ales
2116 866 2291 915 aves,
2343 860 2408 905 et
2435 844 2628 905 cada·

640 932 907 993 veribus
943 930 1121 991 vesci
1166 929 1435 1001 solitae,
1500 950 1692 1013 supra
1738 928 1931 991 castra
1973 928 2328 1012 gregatim,
2389 940 2459 987 ut
2499 924 2628 985 ‘alii

638 1012 869 1082 volunt
910 1030 1053 1072 cum
1097 1010 1429 1073 horrendo
1473 1008 1784 1084 stridore,
1847 1022 1918 1073 ut
1951 1012 2285 1094 Appianas
2329 1006 2490 1070 tristi
2533 1006 2628 1067 si-

636 1094 880 1166 lenti0,
926 1098 1397 1163 consederunt,
1444 1114 1642 1177 quum
1677 1095 1851 1155 inter
1883 1095 2175 1156 Julianos
2214 1092 2427 1151 nullae
2467 1108 2628 1150 con-

639 1175 1071 1259 spicerentur.
1118 1174 1409 1235 examina
1442 1194 1602 1236 vero
1633 1196 1818 1256 apum
1857 1176 2162 1237 continue
2203 1187 2354 1234 sunt
2385 1172 2628 1254 depre-

634 1256 837 1319 hensa
876 1255 943 1317 in
967 1254 1156 1318 cami
1186 1254 1435 1318 castris:
1484 1256 1682 1353 idque
1720 1255 1883 1318 adeo
1922 1256 2135 1317 dirum
2169 1254 2479 1317 ostentum
2511 1255 2628 1316 ha-

611 1337 865 1409 bitum,
912 1350 981 1399 ut
1017 1339 1381 1421 haruspicis
1418 1352 1689 1410 monitu,
1732 1340 1904 1401 vallo
1941 1338 2218 1399 interius
2257 1338 2475 1410 ducto,
2526 1336 2627 1396 lo-

588 1956 595 1970 ·
639 1934 983 2017 aliquando
1024 1936 1282 1995 minima
1323 1936 1608 2021 magnitu

270 2261 423 2319 Muta
432 2264 612 2338 parit.

560 2738 581 2765 t

636 1436 753 1481 cus
796 1418 1365 1482 intercluderetur.
1448 1433 1516 1481 et
1563 1418 1815 1504 pridie,
1879 1442 2066 1505 quam
2111 1434 2460 1503 pugnatum
2499 1416 2624 1495 est,

637 1500 801 1563 duae
827 1542 843 1573 ,
887 1520 1051 1585 quae
1088 1500 1397 1564 hactenus
1440 1502 1798 1564 exercitum
1840 1503 2178 1565 comitatae
2217 1503 2511 1576 fuerant,
2561 1524 2629 1563 a-

644 1582 859 1665 quilae
886 1582 1342 1645 avolaverunte
1388 1586 1818 1681 sequentique
1857 1598 2048 1646 nocte
2084 1597 2410 1666 spectrum
2452 1583 2631 1647 idem

644 1684 717 1726 se
750 1662 985 1726 obtulit
1015 1664 1256 1739 Bruto,
1302 1666 1478 1749 quod
1520 1665 1851 1745 trajiciens
1893 1684 1972 1729 ex
2005 1667 2161 1727 Asia
2197 1665 2472 1728 viderat.

764 1770 870 1832 111.
918 1765 1051 1833 Sed
1080 1781 1161 1831 .et
1198 1772 1441 1834 Romae
1497 1768 1615 1835 sub
1667 1766 1840 1835 idem
1892 1783 2018 1837 tem
2069 1791 2144 1834 us
2190 1768 2629 1855 adparuerunt

638 1848 895 1926 multas
940 1862 1010 1914 ut
1063 1849 1382 1915 creditum
1440 1854 1567 1928 est,
1613 1859 1971 1997 dpraesagia
2059 1869 2419 1915 uturorum.
2506 1856 2626 1916 Sol

1658 1936 1803 2009 ine,
1851 1955 2326 2019 nonnumquam
2358 1936 2622 1997 maxima

640 2037 712 2078 se
756 2012 1025 2079 ostendit
1048 2055 1078 2089 ‚-
1124 2018 1281 2100 quin
1323 2030 1389 2082 et
1428 2034 1626 2081 noctu
1669 2018 1764 2079 sic
1805 2016 2092 2089 effulsit,
2149 2032 2257 2090 ut,
2309 2031 2622 2099 tamquam

639 2098 745 2159 die
794 2110 978 2171 o‘rto,
1042 2098 1117 2159 ad
1176 2117 1337 2181 opus
1396 2109 1802 2185 surgeretur.
1897 2098 2248 2163 Monstrum
2299 2099 2622 2171 biforme,

640 2180 821 2258 cujus
858 2180 1221 2241 anteriores
1257 2196 1476 2262 partes
1510 2200 1780 2265 equum,
1825 2180 2218 2266 posteriores
2247 2180 2485 2241 mulum
2519 2202 2627 2243 re-

640 2260 932 2334 ferrent,
981 2262 1149 2321 mula
1184 2264 1466 2345 peperit.
1526 2263 1609 2325 (le
1651 2262 1841 2326 coelo
1881 2259 2192 2349 pleraque
2231 2272 2397 2325 tacta
2435 2278 2626 2339 sunt,

642 2358 708 2405 et
747 2343 917 2405 inter
950 2342 1110 2404 haec
1146 2365 1252 2404 ara
1281 2346 1466 2406 Jovis
1493 2342 1807 2409 Victoris.
1853 2347 2031 2409 faces
2075 2348 2142 2407 in
2180 2346 2366 2409 coelo
2408 2344 2624 2407 visae:

640 2424 896 2487 auditus
943 2425 1209 2507 clangor
1250 2426 1585 2501 tubarum,
1668 2440 1737 2489 et·
1780 2426 2081 2511 strepitus
2133 2446 2495 2500 armorum,
2559 2442 2628 2491 et

635 2508 879 2567 clamor
918 2506 1339 2576 exercituum,
1388 2529 1467 2569 ex
1501 2506 1800 2571 Caesaris
1837 2516 1902 2571 et
1925 2510 2198 2572 Antonii
2233 2507 2465 2571 hortis.
2516 2527 2625 2570 ca-

630 2608 781 2648 nem
817 2585 1060 2649 aeditui
1097 2603 1409 2649 mortuam
1446 2592 1625 2651 canis
1655 2590 1734 2652 ad
1761 2592 2024 2653 Cereris
2057 2585 2364 2675 templum
2403 2590 2624 2665 traxit,

630 2668 983 2753 effoll'aque
1019 2669 1296 2753 pedibus
1331 2670 1529 2733 humo
1551 2711 1568 2746 ‚
1611 2685 1928 2758 tamquam
1959 2672 2023 2733 in
2057 2675 2361 2755 sepulcro
2392 2672 2626 2732 condi-

632 2750 750 2811 dit.
812 2750 1025 2811 infans
1076 2771 1217 2812 cum
1270 2751 1457 2814 denis
1505 2754 1570 2814 in
1614 2764 1887 2839 utraque
1927 2775 2116 2815 manu
2161 2750 2386 2837 digitis
2432 2765 2622 2815 natus

633 2830 740 2893 est.
827 2833 896 2893 ln
939 2832 1291 2893 Mutinensi
1348 2854 1507 2917 agro
1551 2834 1887 2899 Victoriae
1932 2838 2258 2897 Marianae
2319 2836 2619 2917 signum,

628 2912 973 2975 meridiem
1015 2928 1349 2998 spectans,
1398 2938 1510 2979 sua
1553 2932 1782 3001 sponte
1824 2936 2214 2980 conversum
2254 2915 2319 2980 in
2356 2926 2626 2999 septen-

628 2997 911 3059 trionem
950 2995 1110 3057 hora
1139 3011 1401 3080 quarta.
1507 2998 1752 3061 Currus
1801 3000 2169 3070 Minervae,
2234 3020 2426 3083 quum
2481 2996 2625 3081 post

628 3070 1087 3139 decursionem
1124 3077 1410 3160 equitum
1445 3075 1512 3141 in
1541 3081 1927 3176 Capitolium
1961 3081 2412 3151 reduceretur,
2459 3096 2624 3141 con-

625 3156 873 3245 fractus
922 3156 1030 3221 est.
1130 3159 1341 3242 Quum
1394 3161 1553 3223 haec
1600 3162 1882 3225 victimis
1928 3159 2380 3245 expiarentur,
2444 3163 2622 3224 soles

624 3253 764 3302 tres
809 3242 1077 3302 circiter
1120 3238 1280 3302 hora
1324 3241 1516 3305 tertia
1559 3242 1692 3304 diei
1735 3245 1903 3316 visi,
1968 3265 2115 3305 mox
2158 3246 2224 3306 in
2270 3260 2465 3305 unum
2509 3265 2622 3305 or-

630 3322 779 3402 bem
820 3323 1159 3385 contracti.
1244 3324 1532 3399 Latinis,
1627 3344 1776 3385 uum
1819 3341 1884 3389 et
1920 3338 2216 3409 tempore
2258 3322 2508 3395 alieno,
2557 3340 2630 3387 et

630 3427 665 3465 a
692 3404 1028 3488 praefecto
1059 3404 1269 3479 urbis,
1316 3406 1497 3485 cujus
1535 3430 1568 3469 a
1650 3426 1867 3467 curam
1907 3428 1980 3469 ea
2015 3424 2123 3469 res
2161 3408 2427 3468 minime
2469 3426 2624 3489 per-

631 3486 915 3558 tinebat,
982 3486 1047 3544 in
1079 3486 1333 3547 Albano
1379 3489 1598 3551 mdnte
1639 3488 2153 3560 sacrificaretur,
2217 3511 2296 3551 ex
2343 3486 2623 3563 humero

504 3582 527 3595 ·
634 3588 707 3629 ac
743 3568 983 3650 pollice
1019 3567 1207 3629 Jovis
1246 3568 1476 3631 dextro
1517 3590 1714 3633 cruor
1750 3572 2048 3631 manavit.
2115 3567 2333 3632 Fluvii
2363 3569 2632 3655 quidam

633 3651 705 3711 in
744 3668 901 3731 agro
938 3650 1228 3711 Romano
1267 3648 1688 3733 defecerunt,
1745 3654 1855 3713 alii
1895 3650 2218 3715 fluxerunt
2260 3656 2325 3714 in
2367 3666 2631 3714 contra-

631 3732 825 3793 rium.
910 3728 1179 3793 Aediles
1216 3732 1429 3815 plebis
1473 3734 1643 3795 ludis
1681 3734 1967 3805 Cereris,
2017 3754 2179 3817 quos
2217 3731 2626 3819 equestribus

636 3812 959 3875 celebrari
993 3814 1294 3875 cursibus
1329 3815 1694 3898 oportebat,
1739 3814 2134 3900 gladiatores
2167 3816 2628 3880 exhibuerunt.

707 4000 961 4082 cap211.
1011 3959 1581 4084 Ju1.0bse'.·Plut.
1620 4000 1759 4083 ojo.
1801 3996 2054 4073 Appiam.
2090 4022 2154 4076 p.
2187 4004 2310 4059 668.
2347 4003 2462 4060 παι.
2497 4004 2624 4061 ob-

638 4082 760 4140 seq.
802 4070 933 4123 Dio.
971 4068 1213 4136 Flon4,
1245 4087 1300 4152 7.
1400 4088 1482 4125 ιο.
1521 4071 1774 4143 Appiani.
1812 4070 1926 4154 Jul.
1960 4073 2176 4145 Obseq.
2221 4073 2358 4127 Dio.
2385 4087 2444 4129 et
2463 4074 2627 4131 Plut.

636 4136 1333 4282 Ιόἱὶεὲξεδιὲοαῐὸὴῐέἒὲοῠιο.
1384 4140 1500 4196 Jul.
1542 4140 1763 4216 Obseq.
1816 4138 1968 4231 Iflm.
1999 4160 2060 4212 α,
2097 4142 2185 4201 31.
2241 4143 2355 4265 Jul.
2389 4143 2622 4223 Obseq·
